{"label":"calm_baseline","ts_ms":1740807840000,"historical":[{"id":"3458510135","price":85748.25,"qty":0.00014,"timestamp":1740807765115,"isBuyerMaker":true},{"id":"3458510136","price":85748.24,"qty":0.00014,"timestamp":1740807765115,"isBuyerMaker":true},{"id":"3458510137","price":85748.23,"qty":0.00599,"timestamp":1740807765115,"isBuyerMaker":true},{"id":"3458510138","price":85748.22,"qty":0.0005,"timestamp":1740807765115,"isBuyerMaker":true},{"id":"3458510139","price":85748.21,"qty":0.01184,"timestamp":1740807765115,"isBuyerMaker":true},{"id":"3458510140","price":85748.2,"qty":0.00599,"timestamp":1740807765115,"isBuyerMaker":true},{"id":"3458510141","price":85748.1,"qty":0.0002,"timestamp":1740807765115,"isBuyerMaker":true},{"id":"3458510142","price":85748.09,"qty":0.00014,"timestamp":1740807765115,"isBuyerMaker":true},{"id":"3458510143","price":85748.08,"qty":0.00014,"timestamp":1740807765115,"isBuyerMaker":true},{"id":"3458510144","price":85748.01,"qty":0.00014,"timestamp":1740807765115,"isBuyerMaker":true},{"id":"3458510145","price":85748,"qty":0.00014,"timestamp":1740807765115,"isBuyerMaker":true},{"id":"3458510146","price":85747.99,"qty":0.00014,"timestamp":1740807765115,"isBuyerMaker":true},{"id":"3458510147","price":85747.35,"qty":0.00008,"timestamp":1740807765115,"isBuyerMaker":true},{"id":"3458510148","price":85747.24,"qty":0.00006,"timestamp":1740807765115,"isBuyerMaker":true},{"id":"3458510149","price":85745.4,"qty":0.001,"timestamp":1740807765115,"isBuyerMaker":true},{"id":"3458510150","price":85744.67,"qty":0.00006,"timestamp":1740807765115,"isBuyerMaker":true},{"id":"3458510151","price":85744.3,"qty":0.0101,"timestamp":1740807765115,"isBuyerMaker":true},{"id":"3458510152","price":85744.13,"qty":0.05563,"timestamp":1740807765142,"isBuyerMaker":true},{"id":"3458510153","price":85744.12,"qty":0.00014,"timestamp":1740807765142,"isBuyerMaker":true},{"id":"3458510154","price":85744.01,"qty":0.00035,"timestamp":1740807765142,"isBuyerMaker":true},{"id":"3458510155","price":85744,"qty":0.00026,"timestamp":1740807765142,"isBuyerMaker":true},{"id":"3458510156","price":85743.88,"qty":0.00035,"timestamp":1740807765142,"isBuyerMaker":true},{"id":"3458510157","price":85743.87,"qty":0.01022,"timestamp":1740807765142,"isBuyerMaker":true},{"id":"3458510158","price":85742.8,"qty":0.00035,"timestamp":1740807765142,"isBuyerMaker":true},{"id":"3458510159","price":85742.79,"qty":0.00173,"timestamp":1740807765181,"isBuyerMaker":true},{"id":"3458510160","price":85742.79,"qty":0.00578,"timestamp":1740807765182,"isBuyerMaker":true},{"id":"3458510161","price":85742.79,"qty":0.003,"timestamp":1740807765182,"isBuyerMaker":true},{"id":"3458510162","price":85742.79,"qty":0.00013,"timestamp":1740807765503,"isBuyerMaker":true},{"id":"3458510163","price":85742.79,"qty":0.00244,"timestamp":1740807765632,"isBuyerMaker":true},{"id":"3458510164","price":85742.8,"qty":0.00153,"timestamp":1740807766097,"isBuyerMaker":false},{"id":"3458510165","price":85742.8,"qty":0.00166,"timestamp":1740807766166,"isBuyerMaker":false},{"id":"3458510166","price":85742.79,"qty":0.002,"timestamp":1740807766173,"isBuyerMaker":true},{"id":"3458510167","price":85742.79,"qty":0.0118,"timestamp":1740807767906,"isBuyerMaker":true},{"id":"3458510168","price":85742.79,"qty":0.00054,"timestamp":1740807768180,"isBuyerMaker":true},{"id":"3458510169","price":85742.79,"qty":0.00081,"timestamp":1740807768410,"isBuyerMaker":true},{"id":"3458510170","price":85742.79,"qty":0.00233,"timestamp":1740807768611,"isBuyerMaker":true},{"id":"3458510171","price":85742.8,"qty":0.00232,"timestamp":1740807769591,"isBuyerMaker":false},{"id":"3458510172","price":85742.79,"qty":0.01443,"timestamp":1740807770627,"isBuyerMaker":true},{"id":"3458510173","price":85742.79,"qty":0.00021,"timestamp":1740807770628,"isBuyerMaker":true},{"id":"3458510174","price":85742.8,"qty":0.0015,"timestamp":1740807773133,"isBuyerMaker":false},{"id":"3458510175","price":85742.8,"qty":0.00008,"timestamp":1740807773153,"isBuyerMaker":false},{"id":"3458510176","price":85742.79,"qty":0.002,"timestamp":1740807773349,"isBuyerMaker":true},{"id":"3458510177","price":85742.8,"qty":0.0015,"timestamp":1740807773622,"isBuyerMaker":false},{"id":"3458510178","price":85742.79,"qty":0.002,"timestamp":1740807773705,"isBuyerMaker":true},{"id":"3458510179","price":85742.79,"qty":0.00011,"timestamp":1740807774702,"isBuyerMaker":true},{"id":"3458510180","price":85742.8,"qty":0.06715,"timestamp":1740807774782,"isBuyerMaker":false},{"id":"3458510181","price":85742.8,"qty":0.03066,"timestamp":1740807774943,"isBuyerMaker":false},{"id":"3458510182","price":85742.8,"qty":0.02092,"timestamp":1740807775093,"isBuyerMaker":false},{"id":"3458510183","price":85742.8,"qty":0.00057,"timestamp":1740807775111,"isBuyerMaker":false},{"id":"3458510184","price":85742.8,"qty":0.00351,"timestamp":1740807775195,"isBuyerMaker":false},{"id":"3458510185","price":85742.8,"qty":0.01294,"timestamp":1740807775244,"isBuyerMaker":false},{"id":"3458510186","price":85742.79,"qty":0.00022,"timestamp":1740807775262,"isBuyerMaker":true},{"id":"3458510187","price":85742.79,"qty":0.00116,"timestamp":1740807775299,"isBuyerMaker":true},{"id":"3458510188","price":85742.8,"qty":0.01061,"timestamp":1740807775426,"isBuyerMaker":false},{"id":"3458510189","price":85742.8,"qty":0.00069,"timestamp":1740807776237,"isBuyerMaker":false},{"id":"3458510190","price":85742.79,"qty":0.00026,"timestamp":1740807777112,"isBuyerMaker":true},{"id":"3458510191","price":85742.79,"qty":0.0054,"timestamp":1740807777135,"isBuyerMaker":true},{"id":"3458510192","price":85742.8,"qty":0.0019,"timestamp":1740807777704,"isBuyerMaker":false},{"id":"3458510193","price":85742.79,"qty":0.00057,"timestamp":1740807777957,"isBuyerMaker":true},{"id":"3458510194","price":85742.79,"qty":0.00007,"timestamp":1740807778310,"isBuyerMaker":true},{"id":"3458510195","price":85742.79,"qty":0.00046,"timestamp":1740807778703,"isBuyerMaker":true},{"id":"3458510196","price":85742.8,"qty":0.003,"timestamp":1740807778764,"isBuyerMaker":false},{"id":"3458510197","price":85742.79,"qty":0.00008,"timestamp":1740807779682,"isBuyerMaker":true},{"id":"3458510198","price":85742.8,"qty":0.00008,"timestamp":1740807779728,"isBuyerMaker":false},{"id":"3458510199","price":85742.8,"qty":0.0015,"timestamp":1740807780134,"isBuyerMaker":false},{"id":"3458510200","price":85742.8,"qty":0.00038,"timestamp":1740807780422,"isBuyerMaker":false},{"id":"3458510201","price":85742.79,"qty":0.011,"timestamp":1740807780468,"isBuyerMaker":true},{"id":"3458510202","price":85742.79,"qty":0.0005,"timestamp":1740807781604,"isBuyerMaker":true},{"id":"3458510203","price":85742.8,"qty":0.00641,"timestamp":1740807781814,"isBuyerMaker":false},{"id":"3458510204","price":85742.8,"qty":0.00013,"timestamp":1740807782026,"isBuyerMaker":false},{"id":"3458510205","price":85742.79,"qty":0.00577,"timestamp":1740807782082,"isBuyerMaker":true},{"id":"3458510206","price":85742.8,"qty":0.00057,"timestamp":1740807782414,"isBuyerMaker":false},{"id":"3458510207","price":85742.8,"qty":0.00022,"timestamp":1740807782942,"isBuyerMaker":false},{"id":"3458510208","price":85742.79,"qty":0.01749,"timestamp":1740807783099,"isBuyerMaker":true},{"id":"3458510209","price":85742.79,"qty":0.01145,"timestamp":1740807783850,"isBuyerMaker":true},{"id":"3458510210","price":85742.8,"qty":0.00102,"timestamp":1740807784692,"isBuyerMaker":false},{"id":"3458510211","price":85742.8,"qty":0.00227,"timestamp":1740807784692,"isBuyerMaker":false},{"id":"3458510212","price":85742.8,"qty":0.00036,"timestamp":1740807784794,"isBuyerMaker":false},{"id":"3458510213","price":85742.79,"qty":0.00057,"timestamp":1740807785761,"isBuyerMaker":true},{"id":"3458510214","price":85742.79,"qty":0.00031,"timestamp":1740807786010,"isBuyerMaker":true},{"id":"3458510215","price":85742.8,"qty":0.00008,"timestamp":1740807786168,"isBuyerMaker":false},{"id":"3458510216","price":85742.79,"qty":0.00085,"timestamp":1740807786293,"isBuyerMaker":true},{"id":"3458510217","price":85742.8,"qty":0.00087,"timestamp":1740807786863,"isBuyerMaker":false},{"id":"3458510218","price":85742.8,"qty":0.00011,"timestamp":1740807786917,"isBuyerMaker":false},{"id":"3458510219","price":85742.8,"qty":0.00053,"timestamp":1740807788369,"isBuyerMaker":false},{"id":"3458510220","price":85742.8,"qty":0.00384,"timestamp":1740807788436,"isBuyerMaker":false},{"id":"3458510221","price":85742.79,"qty":0.00047,"timestamp":1740807788471,"isBuyerMaker":true},{"id":"3458510222","price":85742.8,"qty":0.0015,"timestamp":1740807788667,"isBuyerMaker":false},{"id":"3458510223","price":85742.8,"qty":0.00007,"timestamp":1740807788703,"isBuyerMaker":false},{"id":"3458510224","price":85742.8,"qty":0.0015,"timestamp":1740807789653,"isBuyerMaker":false},{"id":"3458510225","price":85742.8,"qty":0.00119,"timestamp":1740807789937,"isBuyerMaker":false},{"id":"3458510226","price":85742.79,"qty":0.00393,"timestamp":1740807790076,"isBuyerMaker":true},{"id":"3458510227","price":85742.79,"qty":0.00011,"timestamp":1740807790108,"isBuyerMaker":true},{"id":"3458510228","price":85742.8,"qty":0.00035,"timestamp":1740807790476,"isBuyerMaker":false},{"id":"3458510229","price":85742.8,"qty":0.0005,"timestamp":1740807790530,"isBuyerMaker":false},{"id":"3458510230","price":85742.79,"qty":0.00093,"timestamp":1740807790538,"isBuyerMaker":true},{"id":"3458510231","price":85742.8,"qty":0.00015,"timestamp":1740807791076,"isBuyerMaker":false},{"id":"3458510232","price":85742.8,"qty":0.00008,"timestamp":1740807791122,"isBuyerMaker":false},{"id":"3458510233","price":85742.8,"qty":0.0008,"timestamp":1740807791895,"isBuyerMaker":false},{"id":"3458510234","price":85742.8,"qty":0.00023,"timestamp":1740807791942,"isBuyerMaker":false},{"id":"3458510235","price":85742.8,"qty":0.00006,"timestamp":1740807791985,"isBuyerMaker":false},{"id":"3458510236","price":85742.79,"qty":0.00422,"timestamp":1740807792737,"isBuyerMaker":true},{"id":"3458510237","price":85742.8,"qty":0.01933,"timestamp":1740807792744,"isBuyerMaker":false},{"id":"3458510238","price":85742.79,"qty":0.001,"timestamp":1740807792981,"isBuyerMaker":true},{"id":"3458510239","price":85742.8,"qty":0.0015,"timestamp":1740807793161,"isBuyerMaker":false},{"id":"3458510240","price":85742.79,"qty":0.00006,"timestamp":1740807793369,"isBuyerMaker":true},{"id":"3458510241","price":85742.8,"qty":0.0108,"timestamp":1740807793675,"isBuyerMaker":false},{"id":"3458510242","price":85742.79,"qty":0.00092,"timestamp":1740807793944,"isBuyerMaker":true},{"id":"3458510243","price":85742.79,"qty":0.00047,"timestamp":1740807794660,"isBuyerMaker":true},{"id":"3458510244","price":85742.8,"qty":0.00131,"timestamp":1740807795154,"isBuyerMaker":false},{"id":"3458510245","price":85742.79,"qty":0.06272,"timestamp":1740807795285,"isBuyerMaker":true},{"id":"3458510246","price":85742.8,"qty":0.00012,"timestamp":1740807795800,"isBuyerMaker":false},{"id":"3458510247","price":85742.8,"qty":0.0028,"timestamp":1740807795852,"isBuyerMaker":false},{"id":"3458510248","price":85742.79,"qty":0.00323,"timestamp":1740807796617,"isBuyerMaker":true},{"id":"3458510249","price":85742.79,"qty":0.00083,"timestamp":1740807797381,"isBuyerMaker":true},{"id":"3458510250","price":85742.79,"qty":0.00036,"timestamp":1740807797956,"isBuyerMaker":true},{"id":"3458510251","price":85742.79,"qty":0.02918,"timestamp":1740807798044,"isBuyerMaker":true},{"id":"3458510252","price":85742.8,"qty":0.00009,"timestamp":1740807798142,"isBuyerMaker":false},{"id":"3458510253","price":85742.79,"qty":0.00295,"timestamp":1740807798577,"isBuyerMaker":true},{"id":"3458510254","price":85742.79,"qty":0.00008,"timestamp":1740807798585,"isBuyerMaker":true},{"id":"3458510255","price":85742.79,"qty":0.00976,"timestamp":1740807798610,"isBuyerMaker":true},{"id":"3458510256","price":85742.8,"qty":0.00171,"timestamp":1740807798613,"isBuyerMaker":false},{"id":"3458510257","price":85742.8,"qty":0.0022,"timestamp":1740807799146,"isBuyerMaker":false},{"id":"3458510258","price":85742.8,"qty":0.00007,"timestamp":1740807799703,"isBuyerMaker":false},{"id":"3458510259","price":85742.8,"qty":0.00034,"timestamp":1740807800135,"isBuyerMaker":false},{"id":"3458510260","price":85742.79,"qty":0.64,"timestamp":1740807800243,"isBuyerMaker":true},{"id":"3458510261","price":85742.79,"qty":0.16,"timestamp":1740807800243,"isBuyerMaker":true},{"id":"3458510262","price":85742.79,"qty":0.31212,"timestamp":1740807800243,"isBuyerMaker":true},{"id":"3458510263","price":85742.78,"qty":0.00788,"timestamp":1740807800243,"isBuyerMaker":true},{"id":"3458510264","price":85742.78,"qty":0.03597,"timestamp":1740807800247,"isBuyerMaker":true},{"id":"3458510265","price":85742.77,"qty":0.00614,"timestamp":1740807800247,"isBuyerMaker":true},{"id":"3458510266","price":85742.76,"qty":0.00035,"timestamp":1740807800247,"isBuyerMaker":true},{"id":"3458510267","price":85742.75,"qty":0.01019,"timestamp":1740807800247,"isBuyerMaker":true},{"id":"3458510268","price":85742.75,"qty":0.00277,"timestamp":1740807800247,"isBuyerMaker":true},{"id":"3458510269","price":85742.74,"qty":0.00014,"timestamp":1740807800247,"isBuyerMaker":true},{"id":"3458510270","price":85742.73,"qty":0.00599,"timestamp":1740807800247,"isBuyerMaker":true},{"id":"3458510271","price":85742.72,"qty":0.00035,"timestamp":1740807800247,"isBuyerMaker":true},{"id":"3458510272","price":85742.71,"qty":0.01184,"timestamp":1740807800247,"isBuyerMaker":true},{"id":"3458510273","price":85742.7,"qty":0.00599,"timestamp":1740807800247,"isBuyerMaker":true},{"id":"3458510274","price":85742.69,"qty":0.00599,"timestamp":1740807800247,"isBuyerMaker":true},{"id":"3458510275","price":85742.68,"qty":0.01184,"timestamp":1740807800247,"isBuyerMaker":true},{"id":"3458510276","price":85742.67,"qty":0.00014,"timestamp":1740807800247,"isBuyerMaker":true},{"id":"3458510277","price":85742.5,"qty":0.00014,"timestamp":1740807800247,"isBuyerMaker":true},{"id":"3458510278","price":85742.49,"qty":0.00014,"timestamp":1740807800247,"isBuyerMaker":true},{"id":"3458510279","price":85742.45,"qty":0.00106,"timestamp":1740807800247,"isBuyerMaker":true},{"id":"3458510280","price":85742.09,"qty":0.00006,"timestamp":1740807800248,"isBuyerMaker":true},{"id":"3458510281","price":85742.01,"qty":0.00021,"timestamp":1740807800248,"isBuyerMaker":true},{"id":"3458510282","price":85742,"qty":0.02332,"timestamp":1740807800248,"isBuyerMaker":true},{"id":"3458510283","price":85741.37,"qty":0.00021,"timestamp":1740807800248,"isBuyerMaker":true},{"id":"3458510284","price":85741.33,"qty":0.00045,"timestamp":1740807800248,"isBuyerMaker":true},{"id":"3458510285","price":85741,"qty":0.0002,"timestamp":1740807800248,"isBuyerMaker":true},{"id":"3458510286","price":85740.19,"qty":0.00058,"timestamp":1740807800251,"isBuyerMaker":true},{"id":"3458510287","price":85740,"qty":0.01271,"timestamp":1740807800251,"isBuyerMaker":true},{"id":"3458510288","price":85739.49,"qty":0.00022,"timestamp":1740807800253,"isBuyerMaker":true},{"id":"3458510289","price":85739.01,"qty":0.00021,"timestamp":1740807800253,"isBuyerMaker":true},{"id":"3458510290","price":85739,"qty":0.15527,"timestamp":1740807800262,"isBuyerMaker":true},{"id":"3458510291","price":85738.9,"qty":0.00073,"timestamp":1740807800262,"isBuyerMaker":true},{"id":"3458510292","price":85738.89,"qty":0.00026,"timestamp":1740807800262,"isBuyerMaker":true},{"id":"3458510293","price":85738.8,"qty":0.00014,"timestamp":1740807800262,"isBuyerMaker":true},{"id":"3458510294","price":85738.7,"qty":0.00074,"timestamp":1740807800262,"isBuyerMaker":true},{"id":"3458510295","price":85738.62,"qty":0.00035,"timestamp":1740807800262,"isBuyerMaker":true},{"id":"3458510296","price":85738.35,"qty":0.012,"timestamp":1740807800277,"isBuyerMaker":true},{"id":"3458510297","price":85738.35,"qty":0.012,"timestamp":1740807800284,"isBuyerMaker":true},{"id":"3458510298","price":85738.35,"qty":0.00119,"timestamp":1740807800318,"isBuyerMaker":true},{"id":"3458510299","price":85738.36,"qty":0.00115,"timestamp":1740807800618,"isBuyerMaker":false},{"id":"3458510300","price":85738.35,"qty":0.00244,"timestamp":1740807800663,"isBuyerMaker":true},{"id":"3458510301","price":85738.36,"qty":0.00176,"timestamp":1740807800729,"isBuyerMaker":false},{"id":"3458510302","price":85738.36,"qty":0.00117,"timestamp":1740807802409,"isBuyerMaker":false},{"id":"3458510303","price":85738.36,"qty":0.01496,"timestamp":1740807802453,"isBuyerMaker":false},{"id":"3458510304","price":85738.35,"qty":0.02193,"timestamp":1740807802715,"isBuyerMaker":true},{"id":"3458510305","price":85738.33,"qty":0.00043,"timestamp":1740807802715,"isBuyerMaker":true},{"id":"3458510306","price":85738.32,"qty":0.00599,"timestamp":1740807802715,"isBuyerMaker":true},{"id":"3458510307","price":85738.3,"qty":0.00599,"timestamp":1740807802715,"isBuyerMaker":true},{"id":"3458510308","price":85738.29,"qty":0.00614,"timestamp":1740807802715,"isBuyerMaker":true},{"id":"3458510309","price":85738.28,"qty":0.00599,"timestamp":1740807802715,"isBuyerMaker":true},{"id":"3458510310","price":85738.27,"qty":0.00607,"timestamp":1740807802715,"isBuyerMaker":true},{"id":"3458510311","price":85738.26,"qty":0.00599,"timestamp":1740807802715,"isBuyerMaker":true},{"id":"3458510312","price":85738.25,"qty":0.00599,"timestamp":1740807802715,"isBuyerMaker":true},{"id":"3458510313","price":85738.24,"qty":0.00599,"timestamp":1740807802715,"isBuyerMaker":true},{"id":"3458510314","price":85738.2,"qty":0.00014,"timestamp":1740807802715,"isBuyerMaker":true},{"id":"3458510315","price":85738.04,"qty":0.00014,"timestamp":1740807802715,"isBuyerMaker":true},{"id":"3458510316","price":85738.01,"qty":0.00014,"timestamp":1740807802715,"isBuyerMaker":true},{"id":"3458510317","price":85738,"qty":0.00014,"timestamp":1740807802715,"isBuyerMaker":true},{"id":"3458510318","price":85737.93,"qty":0.00014,"timestamp":1740807802715,"isBuyerMaker":true},{"id":"3458510319","price":85737.73,"qty":0.00037,"timestamp":1740807802715,"isBuyerMaker":true},{"id":"3458510320","price":85737.67,"qty":0.00044,"timestamp":1740807802719,"isBuyerMaker":true},{"id":"3458510321","price":85736.9,"qty":0.00054,"timestamp":1740807802719,"isBuyerMaker":true},{"id":"3458510322","price":85736.82,"qty":0.00059,"timestamp":1740807802719,"isBuyerMaker":true},{"id":"3458510323","price":85736.82,"qty":0.00772,"timestamp":1740807802755,"isBuyerMaker":false},{"id":"3458510324","price":85736.82,"qty":0.0089,"timestamp":1740807803910,"isBuyerMaker":false},{"id":"3458510325","price":85736.81,"qty":0.0009,"timestamp":1740807804027,"isBuyerMaker":true},{"id":"3458510326","price":85736.82,"qty":0.01652,"timestamp":1740807804201,"isBuyerMaker":false},{"id":"3458510327","price":85736.81,"qty":0.00228,"timestamp":1740807804275,"isBuyerMaker":true},{"id":"3458510328","price":85736.82,"qty":0.07047,"timestamp":1740807805190,"isBuyerMaker":false},{"id":"3458510329","price":85736.81,"qty":0.011,"timestamp":1740807805367,"isBuyerMaker":true},{"id":"3458510330","price":85736.82,"qty":0.0001,"timestamp":1740807805858,"isBuyerMaker":false},{"id":"3458510331","price":85736.81,"qty":0.0003,"timestamp":1740807806475,"isBuyerMaker":true},{"id":"3458510332","price":85736.82,"qty":0.00229,"timestamp":1740807806627,"isBuyerMaker":false},{"id":"3458510333","price":85736.81,"qty":0.00152,"timestamp":1740807807450,"isBuyerMaker":true},{"id":"3458510334","price":85736.82,"qty":0.00024,"timestamp":1740807808011,"isBuyerMaker":false},{"id":"3458510335","price":85736.81,"qty":0.00104,"timestamp":1740807808705,"isBuyerMaker":true},{"id":"3458510336","price":85736.82,"qty":0.03777,"timestamp":1740807809767,"isBuyerMaker":false},{"id":"3458510337","price":85736.81,"qty":0.012,"timestamp":1740807810944,"isBuyerMaker":true},{"id":"3458510338","price":85736.81,"qty":0.0003,"timestamp":1740807811058,"isBuyerMaker":true},{"id":"3458510339","price":85736.81,"qty":0.00204,"timestamp":1740807811058,"isBuyerMaker":true},{"id":"3458510340","price":85736.81,"qty":0.00205,"timestamp":1740807811061,"isBuyerMaker":true},{"id":"3458510341","price":85736.81,"qty":0.0003,"timestamp":1740807811062,"isBuyerMaker":true},{"id":"3458510342","price":85736.81,"qty":0.0003,"timestamp":1740807811064,"isBuyerMaker":true},{"id":"3458510343","price":85736.81,"qty":0.0003,"timestamp":1740807811067,"isBuyerMaker":true},{"id":"3458510344","price":85736.81,"qty":0.00031,"timestamp":1740807811069,"isBuyerMaker":true},{"id":"3458510345","price":85736.81,"qty":0.0003,"timestamp":1740807811070,"isBuyerMaker":true},{"id":"3458510346","price":85736.81,"qty":0.00031,"timestamp":1740807811073,"isBuyerMaker":true},{"id":"3458510347","price":85736.81,"qty":0.0003,"timestamp":1740807811075,"isBuyerMaker":true},{"id":"3458510348","price":85736.81,"qty":0.0003,"timestamp":1740807811079,"isBuyerMaker":true},{"id":"3458510349","price":85736.81,"qty":0.0003,"timestamp":1740807811080,"isBuyerMaker":true},{"id":"3458510350","price":85736.81,"qty":0.00031,"timestamp":1740807811087,"isBuyerMaker":true},{"id":"3458510351","price":85736.81,"qty":0.00175,"timestamp":1740807811108,"isBuyerMaker":true},{"id":"3458510352","price":85736.81,"qty":0.00175,"timestamp":1740807811110,"isBuyerMaker":true},{"id":"3458510353","price":85736.81,"qty":0.00455,"timestamp":1740807811112,"isBuyerMaker":true},{"id":"3458510354","price":85736.81,"qty":0.00175,"timestamp":1740807811116,"isBuyerMaker":true},{"id":"3458510355","price":85736.81,"qty":0.0003,"timestamp":1740807811116,"isBuyerMaker":true},{"id":"3458510356","price":85736.81,"qty":0.0003,"timestamp":1740807811127,"isBuyerMaker":true},{"id":"3458510357","price":85736.81,"qty":0.00031,"timestamp":1740807811128,"isBuyerMaker":true},{"id":"3458510358","price":85736.81,"qty":0.0003,"timestamp":1740807811132,"isBuyerMaker":true},{"id":"3458510359","price":85736.81,"qty":0.00175,"timestamp":1740807811133,"isBuyerMaker":true},{"id":"3458510360","price":85736.81,"qty":0.0003,"timestamp":1740807811135,"isBuyerMaker":true},{"id":"3458510361","price":85736.81,"qty":0.01179,"timestamp":1740807811135,"isBuyerMaker":true},{"id":"3458510362","price":85736.81,"qty":0.0003,"timestamp":1740807811137,"isBuyerMaker":true},{"id":"3458510363","price":85736.81,"qty":0.00031,"timestamp":1740807811142,"isBuyerMaker":true},{"id":"3458510364","price":85736.81,"qty":0.0003,"timestamp":1740807811144,"isBuyerMaker":true},{"id":"3458510365","price":85736.82,"qty":0.00014,"timestamp":1740807811190,"isBuyerMaker":false},{"id":"3458510366","price":85736.81,"qty":0.0003,"timestamp":1740807811202,"isBuyerMaker":true},{"id":"3458510367","price":85736.81,"qty":0.0003,"timestamp":1740807811204,"isBuyerMaker":true},{"id":"3458510368","price":85736.81,"qty":0.0003,"timestamp":1740807811205,"isBuyerMaker":true},{"id":"3458510369","price":85736.81,"qty":0.0003,"timestamp":1740807811205,"isBuyerMaker":true},{"id":"3458510370","price":85736.81,"qty":0.00031,"timestamp":1740807811206,"isBuyerMaker":true},{"id":"3458510371","price":85736.81,"qty":0.0003,"timestamp":1740807811212,"isBuyerMaker":true},{"id":"3458510372","price":85736.81,"qty":0.0003,"timestamp":1740807811213,"isBuyerMaker":true},{"id":"3458510373","price":85736.81,"qty":0.0003,"timestamp":1740807811213,"isBuyerMaker":true},{"id":"3458510374","price":85736.81,"qty":0.0003,"timestamp":1740807811214,"isBuyerMaker":true},{"id":"3458510375","price":85736.81,"qty":0.0003,"timestamp":1740807811224,"isBuyerMaker":true},{"id":"3458510376","price":85736.81,"qty":0.00031,"timestamp":1740807811227,"isBuyerMaker":true},{"id":"3458510377","price":85736.81,"qty":0.00031,"timestamp":1740807811260,"isBuyerMaker":true},{"id":"3458510378","price":85736.81,"qty":0.00107,"timestamp":1740807811440,"isBuyerMaker":true},{"id":"3458510379","price":85736.82,"qty":0.00025,"timestamp":1740807812362,"isBuyerMaker":false},{"id":"3458510380","price":85736.82,"qty":0.00138,"timestamp":1740807812553,"isBuyerMaker":false},{"id":"3458510381","price":85736.82,"qty":0.0873,"timestamp":1740807812582,"isBuyerMaker":false},{"id":"3458510382","price":85736.82,"qty":0.00098,"timestamp":1740807812882,"isBuyerMaker":false},{"id":"3458510383","price":85736.82,"qty":0.00039,"timestamp":1740807813323,"isBuyerMaker":false},{"id":"3458510384","price":85736.82,"qty":0.00009,"timestamp":1740807813455,"isBuyerMaker":false},{"id":"3458510385","price":85736.81,"qty":0.06363,"timestamp":1740807814031,"isBuyerMaker":true},{"id":"3458510386","price":85736.8,"qty":0.0062,"timestamp":1740807814031,"isBuyerMaker":true},{"id":"3458510387","price":85736.79,"qty":0.01554,"timestamp":1740807814031,"isBuyerMaker":true},{"id":"3458510388","price":85736.78,"qty":0.00599,"timestamp":1740807814031,"isBuyerMaker":true},{"id":"3458510389","price":85736.77,"qty":0.00599,"timestamp":1740807814031,"isBuyerMaker":true},{"id":"3458510390","price":85736.76,"qty":0.00014,"timestamp":1740807814031,"isBuyerMaker":true},{"id":"3458510391","price":85736.75,"qty":0.00613,"timestamp":1740807814031,"isBuyerMaker":true},{"id":"3458510392","price":85736.74,"qty":0.01184,"timestamp":1740807814031,"isBuyerMaker":true},{"id":"3458510393","price":85736.73,"qty":0.00599,"timestamp":1740807814031,"isBuyerMaker":true},{"id":"3458510394","price":85736.72,"qty":0.00599,"timestamp":1740807814031,"isBuyerMaker":true},{"id":"3458510395","price":85736.71,"qty":0.00599,"timestamp":1740807814031,"isBuyerMaker":true},{"id":"3458510396","price":85736.7,"qty":0.00599,"timestamp":1740807814031,"isBuyerMaker":true},{"id":"3458510397","price":85736.35,"qty":0.00014,"timestamp":1740807814032,"isBuyerMaker":true},{"id":"3458510398","price":85736.01,"qty":0.00014,"timestamp":1740807814032,"isBuyerMaker":true},{"id":"3458510399","price":85736,"qty":0.00246,"timestamp":1740807814032,"isBuyerMaker":true},{"id":"3458510400","price":85736,"qty":0.00003,"timestamp":1740807814032,"isBuyerMaker":true},{"id":"3458510401","price":85734.44,"qty":0.00006,"timestamp":1740807814032,"isBuyerMaker":true},{"id":"3458510402","price":85734.22,"qty":0.0004,"timestamp":1740807814032,"isBuyerMaker":true},{"id":"3458510403","price":85734.11,"qty":0.00008,"timestamp":1740807814033,"isBuyerMaker":true},{"id":"3458510404","price":85733.74,"qty":0.00002,"timestamp":1740807814033,"isBuyerMaker":true},{"id":"3458510405","price":85734.44,"qty":0.00014,"timestamp":1740807814037,"isBuyerMaker":true},{"id":"3458510406","price":85734.22,"qty":0.00007,"timestamp":1740807814037,"isBuyerMaker":true},{"id":"3458510407","price":85733.74,"qty":0.00012,"timestamp":1740807814037,"isBuyerMaker":true},{"id":"3458510408","price":85733.23,"qty":0.07956,"timestamp":1740807814083,"isBuyerMaker":true},{"id":"3458510409","price":85733.22,"qty":0.00014,"timestamp":1740807814083,"isBuyerMaker":true},{"id":"3458510410","price":85733.16,"qty":0.00314,"timestamp":1740807814083,"isBuyerMaker":true},{"id":"3458510411","price":85732.58,"qty":0.00007,"timestamp":1740807814592,"isBuyerMaker":true},{"id":"3458510412","price":85732.59,"qty":0.00052,"timestamp":1740807815011,"isBuyerMaker":false},{"id":"3458510413","price":85732.59,"qty":0.0001,"timestamp":1740807815105,"isBuyerMaker":false},{"id":"3458510414","price":85732.59,"qty":0.00019,"timestamp":1740807815109,"isBuyerMaker":false},{"id":"3458510415","price":85732.59,"qty":0.06548,"timestamp":1740807815413,"isBuyerMaker":false},{"id":"3458510416","price":85732.58,"qty":0.00007,"timestamp":1740807816986,"isBuyerMaker":true},{"id":"3458510417","price":85732.58,"qty":1.01758,"timestamp":1740807817031,"isBuyerMaker":true},{"id":"3458510418","price":85732.58,"qty":0.00011,"timestamp":1740807817846,"isBuyerMaker":true},{"id":"3458510419","price":85732.59,"qty":0.00021,"timestamp":1740807818218,"isBuyerMaker":false},{"id":"3458510420","price":85732.58,"qty":0.00017,"timestamp":1740807818703,"isBuyerMaker":true},{"id":"3458510421","price":85732.58,"qty":0.00137,"timestamp":1740807818778,"isBuyerMaker":true},{"id":"3458510422","price":85732.59,"qty":0.00009,"timestamp":1740807818875,"isBuyerMaker":false},{"id":"3458510423","price":85732.59,"qty":0.02858,"timestamp":1740807818914,"isBuyerMaker":false},{"id":"3458510424","price":85732.61,"qty":0.00075,"timestamp":1740807818916,"isBuyerMaker":false},{"id":"3458510425","price":85732.64,"qty":0.00013,"timestamp":1740807818916,"isBuyerMaker":false},{"id":"3458510426","price":85732.65,"qty":0.00022,"timestamp":1740807818916,"isBuyerMaker":false},{"id":"3458510427","price":85732.81,"qty":0.00007,"timestamp":1740807818916,"isBuyerMaker":false},{"id":"3458510428","price":85732.92,"qty":0.00007,"timestamp":1740807818916,"isBuyerMaker":false},{"id":"3458510429","price":85732.93,"qty":0.00007,"timestamp":1740807818916,"isBuyerMaker":false},{"id":"3458510430","price":85733.17,"qty":0.00007,"timestamp":1740807818916,"isBuyerMaker":false},{"id":"3458510431","price":85733.21,"qty":0.00007,"timestamp":1740807818916,"isBuyerMaker":false},{"id":"3458510432","price":85733.22,"qty":0.00007,"timestamp":1740807818916,"isBuyerMaker":false},{"id":"3458510433","price":85733.23,"qty":0.00016,"timestamp":1740807818916,"isBuyerMaker":false},{"id":"3458510434","price":85733.24,"qty":0.07998,"timestamp":1740807819353,"isBuyerMaker":false},{"id":"3458510435","price":85733.26,"qty":0.00036,"timestamp":1740807819353,"isBuyerMaker":false},{"id":"3458510436","price":85733.27,"qty":0.00007,"timestamp":1740807819353,"isBuyerMaker":false},{"id":"3458510437","price":85733.3,"qty":0.00021,"timestamp":1740807819353,"isBuyerMaker":false},{"id":"3458510438","price":85733.5,"qty":0.00007,"timestamp":1740807819353,"isBuyerMaker":false},{"id":"3458510439","price":85733.53,"qty":0.00001,"timestamp":1740807819353,"isBuyerMaker":false},{"id":"3458510440","price":85733.53,"qty":0.00006,"timestamp":1740807819354,"isBuyerMaker":false},{"id":"3458510441","price":85733.74,"qty":0.00007,"timestamp":1740807819354,"isBuyerMaker":false},{"id":"3458510442","price":85734.17,"qty":0.00007,"timestamp":1740807819354,"isBuyerMaker":false},{"id":"3458510443","price":85734.36,"qty":0.00007,"timestamp":1740807819354,"isBuyerMaker":false},{"id":"3458510444","price":85734.59,"qty":0.00003,"timestamp":1740807819354,"isBuyerMaker":false},{"id":"3458510445","price":85734.59,"qty":0.00004,"timestamp":1740807819355,"isBuyerMaker":false},{"id":"3458510446","price":85735.22,"qty":0.00007,"timestamp":1740807819355,"isBuyerMaker":false},{"id":"3458510447","price":85735.98,"qty":0.00046,"timestamp":1740807819355,"isBuyerMaker":false},{"id":"3458510448","price":85736,"qty":0.00007,"timestamp":1740807819355,"isBuyerMaker":false},{"id":"3458510449","price":85736.42,"qty":0.00007,"timestamp":1740807819355,"isBuyerMaker":false},{"id":"3458510450","price":85736.82,"qty":0.01273,"timestamp":1740807819355,"isBuyerMaker":false},{"id":"3458510451","price":85736.83,"qty":0.01168,"timestamp":1740807819355,"isBuyerMaker":false},{"id":"3458510452","price":85737.62,"qty":0.00013,"timestamp":1740807819355,"isBuyerMaker":false},{"id":"3458510453","price":85737.7,"qty":0.00008,"timestamp":1740807819355,"isBuyerMaker":false},{"id":"3458510454","price":85738.36,"qty":0.00013,"timestamp":1740807819356,"isBuyerMaker":false},{"id":"3458510455","price":85738.37,"qty":0.02344,"timestamp":1740807819356,"isBuyerMaker":false},{"id":"3458510456","price":85738.46,"qty":0.00006,"timestamp":1740807819356,"isBuyerMaker":false},{"id":"3458510457","price":85738.84,"qty":0.00015,"timestamp":1740807819356,"isBuyerMaker":false},{"id":"3458510458","price":85738.85,"qty":0.05331,"timestamp":1740807819356,"isBuyerMaker":false},{"id":"3458510459","price":85738.85,"qty":0.00019,"timestamp":1740807819359,"isBuyerMaker":false},{"id":"3458510460","price":85739.49,"qty":0.00016,"timestamp":1740807819359,"isBuyerMaker":false},{"id":"3458510461","price":85739.5,"qty":0.04913,"timestamp":1740807819363,"isBuyerMaker":false},{"id":"3458510462","price":85740,"qty":0.00043,"timestamp":1740807819363,"isBuyerMaker":false},{"id":"3458510463","price":85740.19,"qty":0.00019,"timestamp":1740807819363,"isBuyerMaker":false},{"id":"3458510464","price":85740.35,"qty":0.01012,"timestamp":1740807819363,"isBuyerMaker":false},{"id":"3458510465","price":85740.77,"qty":0.01016,"timestamp":1740807819363,"isBuyerMaker":false},{"id":"3458510466","price":85741.17,"qty":0.06319,"timestamp":1740807819366,"isBuyerMaker":false},{"id":"3458510467","price":85741.22,"qty":0.00007,"timestamp":1740807819366,"isBuyerMaker":false},{"id":"3458510468","price":85741.27,"qty":0.07982,"timestamp":1740807819366,"isBuyerMaker":false},{"id":"3458510469","price":85741.27,"qty":0.00039,"timestamp":1740807819371,"isBuyerMaker":false},{"id":"3458510470","price":85741.46,"qty":0.00084,"timestamp":1740807819371,"isBuyerMaker":false},{"id":"3458510471","price":85742,"qty":0.02399,"timestamp":1740807819416,"isBuyerMaker":false},{"id":"3458510472","price":85742.01,"qty":0.00008,"timestamp":1740807819416,"isBuyerMaker":false},{"id":"3458510473","price":85742.01,"qty":0.00026,"timestamp":1740807819419,"isBuyerMaker":false},{"id":"3458510474","price":85742.62,"qty":0.00007,"timestamp":1740807819419,"isBuyerMaker":false},{"id":"3458510475","price":85742.65,"qty":0.00037,"timestamp":1740807819422,"isBuyerMaker":false},{"id":"3458510476","price":85742.79,"qty":0.03031,"timestamp":1740807819446,"isBuyerMaker":false},{"id":"3458510477","price":85742.8,"qty":0.06318,"timestamp":1740807819446,"isBuyerMaker":false},{"id":"3458510478","price":85742.8,"qty":0.10786,"timestamp":1740807819522,"isBuyerMaker":false},{"id":"3458510479","price":85742.8,"qty":0.02361,"timestamp":1740807819523,"isBuyerMaker":false},{"id":"3458510480","price":85742.8,"qty":0.06617,"timestamp":1740807819525,"isBuyerMaker":false},{"id":"3458510481","price":85742.8,"qty":0.0035,"timestamp":1740807819548,"isBuyerMaker":false},{"id":"3458510482","price":85742.8,"qty":0.0035,"timestamp":1740807819548,"isBuyerMaker":false},{"id":"3458510483","price":85742.8,"qty":0.0035,"timestamp":1740807819548,"isBuyerMaker":false},{"id":"3458510484","price":85742.8,"qty":0.0035,"timestamp":1740807819548,"isBuyerMaker":false},{"id":"3458510485","price":85742.8,"qty":0.0035,"timestamp":1740807819549,"isBuyerMaker":false},{"id":"3458510486","price":85742.8,"qty":0.0035,"timestamp":1740807819549,"isBuyerMaker":false},{"id":"3458510487","price":85742.8,"qty":0.0015,"timestamp":1740807819707,"isBuyerMaker":false},{"id":"3458510488","price":85742.8,"qty":0.45412,"timestamp":1740807819915,"isBuyerMaker":false},{"id":"3458510489","price":85742.8,"qty":0.00077,"timestamp":1740807819918,"isBuyerMaker":false},{"id":"3458510490","price":85742.8,"qty":0.00322,"timestamp":1740807819920,"isBuyerMaker":false},{"id":"3458510491","price":85742.8,"qty":0.16124,"timestamp":1740807819937,"isBuyerMaker":false},{"id":"3458510492","price":85742.82,"qty":0.00035,"timestamp":1740807819937,"isBuyerMaker":false},{"id":"3458510493","price":85742.86,"qty":0.00022,"timestamp":1740807819937,"isBuyerMaker":false},{"id":"3458510494","price":85742.94,"qty":0.00013,"timestamp":1740807819937,"isBuyerMaker":false},{"id":"3458510495","price":85743.25,"qty":0.00007,"timestamp":1740807819937,"isBuyerMaker":false},{"id":"3458510496","price":85743.39,"qty":0.00007,"timestamp":1740807819937,"isBuyerMaker":false},{"id":"3458510497","price":85743.44,"qty":0.00007,"timestamp":1740807819937,"isBuyerMaker":false},{"id":"3458510498","price":85743.59,"qty":0.00007,"timestamp":1740807819937,"isBuyerMaker":false},{"id":"3458510499","price":85743.8,"qty":0.00013,"timestamp":1740807819937,"isBuyerMaker":false},{"id":"3458510500","price":85743.94,"qty":0.00019,"timestamp":1740807819937,"isBuyerMaker":false},{"id":"3458510501","price":85744,"qty":0.00007,"timestamp":1740807819937,"isBuyerMaker":false},{"id":"3458510502","price":85744.16,"qty":0.00007,"timestamp":1740807819937,"isBuyerMaker":false},{"id":"3458510503","price":85744.18,"qty":0.00007,"timestamp":1740807819937,"isBuyerMaker":false},{"id":"3458510504","price":85744.24,"qty":0.00031,"timestamp":1740807819937,"isBuyerMaker":false},{"id":"3458510505","price":85744.66,"qty":0.00013,"timestamp":1740807819937,"isBuyerMaker":false},{"id":"3458510506","price":85745,"qty":0.00632,"timestamp":1740807819937,"isBuyerMaker":false},{"id":"3458510507","price":85746.37,"qty":0.00006,"timestamp":1740807819937,"isBuyerMaker":false},{"id":"3458510508","price":85746.52,"qty":0.00006,"timestamp":1740807819937,"isBuyerMaker":false},{"id":"3458510509","price":85747.52,"qty":0.00012,"timestamp":1740807819937,"isBuyerMaker":false},{"id":"3458510510","price":85748,"qty":0.0144,"timestamp":1740807819937,"isBuyerMaker":false},{"id":"3458510511","price":85748.22,"qty":0.0001,"timestamp":1740807819937,"isBuyerMaker":false},{"id":"3458510512","price":85748.28,"qty":0.00151,"timestamp":1740807820215,"isBuyerMaker":false},{"id":"3458510513","price":85748.29,"qty":0.40825,"timestamp":1740807820215,"isBuyerMaker":false},{"id":"3458510514","price":85748.29,"qty":0.04414,"timestamp":1740807820240,"isBuyerMaker":false},{"id":"3458510515","price":85748.3,"qty":0.00019,"timestamp":1740807820240,"isBuyerMaker":false},{"id":"3458510516","price":85748.34,"qty":0.00007,"timestamp":1740807820240,"isBuyerMaker":false},{"id":"3458510517","price":85748.95,"qty":0.00013,"timestamp":1740807820240,"isBuyerMaker":false},{"id":"3458510518","price":85749.71,"qty":0.00019,"timestamp":1740807820240,"isBuyerMaker":false},{"id":"3458510519","price":85750,"qty":0.01459,"timestamp":1740807820240,"isBuyerMaker":false},{"id":"3458510520","price":85750.07,"qty":0.00025,"timestamp":1740807820240,"isBuyerMaker":false},{"id":"3458510521","price":85750.08,"qty":0.00016,"timestamp":1740807820240,"isBuyerMaker":false},{"id":"3458510522","price":85750.55,"qty":0.00007,"timestamp":1740807820240,"isBuyerMaker":false},{"id":"3458510523","price":85751.37,"qty":0.00307,"timestamp":1740807820240,"isBuyerMaker":false},{"id":"3458510524","price":85751.74,"qty":0.00019,"timestamp":1740807820240,"isBuyerMaker":false},{"id":"3458510525","price":85751.75,"qty":0.0015,"timestamp":1740807820711,"isBuyerMaker":false},{"id":"3458510526","price":85751.74,"qty":0.00114,"timestamp":1740807821681,"isBuyerMaker":true},{"id":"3458510527","price":85751.74,"qty":0.00054,"timestamp":1740807821813,"isBuyerMaker":true},{"id":"3458510528","price":85751.74,"qty":0.0045,"timestamp":1740807821930,"isBuyerMaker":true},{"id":"3458510529","price":85751.75,"qty":0.00008,"timestamp":1740807822368,"isBuyerMaker":false},{"id":"3458510530","price":85751.75,"qty":0.18044,"timestamp":1740807822780,"isBuyerMaker":false},{"id":"3458510531","price":85751.75,"qty":0.16,"timestamp":1740807823172,"isBuyerMaker":false},{"id":"3458510532","price":85751.75,"qty":0.08,"timestamp":1740807823172,"isBuyerMaker":false},{"id":"3458510533","price":85751.75,"qty":0.12321,"timestamp":1740807823172,"isBuyerMaker":false},{"id":"3458510534","price":85751.76,"qty":0.00007,"timestamp":1740807823172,"isBuyerMaker":false},{"id":"3458510535","price":85751.77,"qty":0.00037,"timestamp":1740807823172,"isBuyerMaker":false},{"id":"3458510536","price":85751.78,"qty":0.00007,"timestamp":1740807823172,"isBuyerMaker":false},{"id":"3458510537","price":85751.79,"qty":0.00022,"timestamp":1740807823172,"isBuyerMaker":false},{"id":"3458510538","price":85751.8,"qty":0.00007,"timestamp":1740807823172,"isBuyerMaker":false},{"id":"3458510539","price":85751.99,"qty":0.00007,"timestamp":1740807823172,"isBuyerMaker":false},{"id":"3458510540","price":85752,"qty":0.01459,"timestamp":1740807823172,"isBuyerMaker":false},{"id":"3458510541","price":85752.09,"qty":0.00007,"timestamp":1740807823172,"isBuyerMaker":false},{"id":"3458510542","price":85752.29,"qty":0.00007,"timestamp":1740807823172,"isBuyerMaker":false},{"id":"3458510543","price":85752.56,"qty":0.00018,"timestamp":1740807823172,"isBuyerMaker":false},{"id":"3458510544","price":85752.57,"qty":0.14019,"timestamp":1740807823172,"isBuyerMaker":false},{"id":"3458510545","price":85752.7,"qty":0.00007,"timestamp":1740807823172,"isBuyerMaker":false},{"id":"3458510546","price":85752.76,"qty":0.00007,"timestamp":1740807823172,"isBuyerMaker":false},{"id":"3458510547","price":85752.79,"qty":0.00007,"timestamp":1740807823172,"isBuyerMaker":false},{"id":"3458510548","price":85752.93,"qty":0.04061,"timestamp":1740807823172,"isBuyerMaker":false},{"id":"3458510549","price":85752.93,"qty":0.00012,"timestamp":1740807823174,"isBuyerMaker":false},{"id":"3458510550","price":85753.01,"qty":0.00012,"timestamp":1740807823174,"isBuyerMaker":false},{"id":"3458510551","price":85753.19,"qty":0.00045,"timestamp":1740807823174,"isBuyerMaker":false},{"id":"3458510552","price":85753.21,"qty":0.00008,"timestamp":1740807823174,"isBuyerMaker":false},{"id":"3458510553","price":85754.58,"qty":0.00006,"timestamp":1740807823174,"isBuyerMaker":false},{"id":"3458510554","price":85754.6,"qty":0.001,"timestamp":1740807823174,"isBuyerMaker":false},{"id":"3458510555","price":85754.72,"qty":0.31949,"timestamp":1740807823174,"isBuyerMaker":false},{"id":"3458510556","price":85755.17,"qty":0.1,"timestamp":1740807823174,"isBuyerMaker":false},{"id":"3458510557","price":85755.63,"qty":0.00084,"timestamp":1740807823174,"isBuyerMaker":false},{"id":"3458510558","price":85756.28,"qty":0.03888,"timestamp":1740807823174,"isBuyerMaker":false},{"id":"3458510559","price":85756.73,"qty":0.00006,"timestamp":1740807823174,"isBuyerMaker":false},{"id":"3458510560","price":85757.02,"qty":0.00007,"timestamp":1740807823174,"isBuyerMaker":false},{"id":"3458510561","price":85757.06,"qty":0.00011,"timestamp":1740807823174,"isBuyerMaker":false},{"id":"3458510562","price":85757.14,"qty":0.01198,"timestamp":1740807823174,"isBuyerMaker":false},{"id":"3458510563","price":85757.14,"qty":0.04207,"timestamp":1740807823174,"isBuyerMaker":false},{"id":"3458510564","price":85757.17,"qty":0.00013,"timestamp":1740807823174,"isBuyerMaker":false},{"id":"3458510565","price":85757.73,"qty":0.0398,"timestamp":1740807823175,"isBuyerMaker":false},{"id":"3458510566","price":85757.73,"qty":0.0723,"timestamp":1740807823175,"isBuyerMaker":false},{"id":"3458510567","price":85757.73,"qty":0.00012,"timestamp":1740807823177,"isBuyerMaker":false},{"id":"3458510568","price":85758.01,"qty":0.00007,"timestamp":1740807823181,"isBuyerMaker":false},{"id":"3458510569","price":85758.61,"qty":0.00014,"timestamp":1740807823181,"isBuyerMaker":false},{"id":"3458510570","price":85758.89,"qty":0.00007,"timestamp":1740807823182,"isBuyerMaker":false},{"id":"3458510571","price":85758.89,"qty":0.00149,"timestamp":1740807823218,"isBuyerMaker":false},{"id":"3458510572","price":85758.89,"qty":0.0044,"timestamp":1740807823483,"isBuyerMaker":false},{"id":"3458510573","price":85758.88,"qty":0.00179,"timestamp":1740807823537,"isBuyerMaker":true},{"id":"3458510574","price":85758.89,"qty":0.00763,"timestamp":1740807823538,"isBuyerMaker":false},{"id":"3458510575","price":85758.89,"qty":0.01324,"timestamp":1740807823541,"isBuyerMaker":false},{"id":"3458510576","price":85758.89,"qty":0.00582,"timestamp":1740807823553,"isBuyerMaker":false},{"id":"3458510577","price":85758.88,"qty":0.00252,"timestamp":1740807823705,"isBuyerMaker":true},{"id":"3458510578","price":85758.88,"qty":0.00169,"timestamp":1740807823797,"isBuyerMaker":true},{"id":"3458510579","price":85758.89,"qty":0.01206,"timestamp":1740807824035,"isBuyerMaker":false},{"id":"3458510580","price":85758.89,"qty":0.00059,"timestamp":1740807824429,"isBuyerMaker":false},{"id":"3458510581","price":85758.89,"qty":0.00057,"timestamp":1740807825431,"isBuyerMaker":false},{"id":"3458510582","price":85758.89,"qty":0.19639,"timestamp":1740807825795,"isBuyerMaker":false},{"id":"3458510583","price":85758.88,"qty":0.002,"timestamp":1740807826353,"isBuyerMaker":true},{"id":"3458510584","price":85758.89,"qty":0.00008,"timestamp":1740807826373,"isBuyerMaker":false},{"id":"3458510585","price":85758.89,"qty":0.00097,"timestamp":1740807826460,"isBuyerMaker":false},{"id":"3458510586","price":85758.88,"qty":0.002,"timestamp":1740807827108,"isBuyerMaker":true},{"id":"3458510587","price":85758.88,"qty":0.00008,"timestamp":1740807827269,"isBuyerMaker":true},{"id":"3458510588","price":85758.88,"qty":0.00057,"timestamp":1740807827641,"isBuyerMaker":true},{"id":"3458510589","price":85758.88,"qty":0.0005,"timestamp":1740807828061,"isBuyerMaker":true},{"id":"3458510590","price":85758.89,"qty":0.00116,"timestamp":1740807828667,"isBuyerMaker":false},{"id":"3458510591","price":85758.89,"qty":0.00407,"timestamp":1740807828701,"isBuyerMaker":false},{"id":"3458510592","price":85758.88,"qty":0.00584,"timestamp":1740807828872,"isBuyerMaker":true},{"id":"3458510593","price":85758.88,"qty":0.00074,"timestamp":1740807829305,"isBuyerMaker":true},{"id":"3458510594","price":85758.89,"qty":0.00034,"timestamp":1740807831054,"isBuyerMaker":false},{"id":"3458510595","price":85758.88,"qty":0.0067,"timestamp":1740807831112,"isBuyerMaker":true},{"id":"3458510596","price":85758.88,"qty":0.00011,"timestamp":1740807831476,"isBuyerMaker":true},{"id":"3458510597","price":85758.89,"qty":0.00019,"timestamp":1740807831660,"isBuyerMaker":false},{"id":"3458510598","price":85758.88,"qty":0.00857,"timestamp":1740807831719,"isBuyerMaker":true},{"id":"3458510599","price":85758.89,"qty":0.0004,"timestamp":1740807832391,"isBuyerMaker":false},{"id":"3458510600","price":85758.89,"qty":0.00233,"timestamp":1740807832612,"isBuyerMaker":false},{"id":"3458510601","price":85758.88,"qty":0.02179,"timestamp":1740807833074,"isBuyerMaker":true},{"id":"3458510602","price":85758.88,"qty":0.00022,"timestamp":1740807833535,"isBuyerMaker":true},{"id":"3458510603","price":85758.88,"qty":0.00021,"timestamp":1740807833703,"isBuyerMaker":true},{"id":"3458510604","price":85758.89,"qty":0.00144,"timestamp":1740807834408,"isBuyerMaker":false},{"id":"3458510605","price":85758.89,"qty":0.00125,"timestamp":1740807835162,"isBuyerMaker":false},{"id":"3458510606","price":85758.89,"qty":0.00034,"timestamp":1740807835217,"isBuyerMaker":false},{"id":"3458510607","price":85758.89,"qty":0.00047,"timestamp":1740807835246,"isBuyerMaker":false},{"id":"3458510608","price":85758.89,"qty":0.00152,"timestamp":1740807835442,"isBuyerMaker":false},{"id":"3458510609","price":85758.89,"qty":0.00014,"timestamp":1740807835689,"isBuyerMaker":false},{"id":"3458510610","price":85758.88,"qty":0.03061,"timestamp":1740807835863,"isBuyerMaker":true},{"id":"3458510611","price":85758.88,"qty":0.02,"timestamp":1740807836795,"isBuyerMaker":true},{"id":"3458510612","price":85758.88,"qty":0.00015,"timestamp":1740807836857,"isBuyerMaker":true},{"id":"3458510613","price":85758.88,"qty":0.00109,"timestamp":1740807837761,"isBuyerMaker":true},{"id":"3458510614","price":85758.88,"qty":0.00199,"timestamp":1740807837816,"isBuyerMaker":true},{"id":"3458510615","price":85758.89,"qty":0.00013,"timestamp":1740807838696,"isBuyerMaker":false},{"id":"3458510616","price":85758.88,"qty":0.7586,"timestamp":1740807839914,"isBuyerMaker":true},{"id":"3458510617","price":85758.87,"qty":0.03617,"timestamp":1740807839914,"isBuyerMaker":true},{"id":"3458510618","price":85758.86,"qty":0.00042,"timestamp":1740807839914,"isBuyerMaker":true},{"id":"3458510619","price":85758.85,"qty":0.00599,"timestamp":1740807839914,"isBuyerMaker":true},{"id":"3458510620","price":85758.84,"qty":0.00599,"timestamp":1740807839914,"isBuyerMaker":true},{"id":"3458510621","price":85758.83,"qty":0.00613,"timestamp":1740807839914,"isBuyerMaker":true},{"id":"3458510622","price":85758.82,"qty":0.00599,"timestamp":1740807839914,"isBuyerMaker":true},{"id":"3458510623","price":85758.81,"qty":0.01205,"timestamp":1740807839914,"isBuyerMaker":true},{"id":"3458510624","price":85758.8,"qty":0.02611,"timestamp":1740807839914,"isBuyerMaker":true},{"id":"3458510625","price":85758.79,"qty":0.00599,"timestamp":1740807839914,"isBuyerMaker":true},{"id":"3458510626","price":85758.78,"qty":0.00599,"timestamp":1740807839914,"isBuyerMaker":true},{"id":"3458510627","price":85758.77,"qty":0.00599,"timestamp":1740807839914,"isBuyerMaker":true},{"id":"3458510628","price":85758.71,"qty":0.00014,"timestamp":1740807839914,"isBuyerMaker":true},{"id":"3458510629","price":85758.7,"qty":0.02014,"timestamp":1740807839914,"isBuyerMaker":true},{"id":"3458510630","price":85758.68,"qty":0.00014,"timestamp":1740807839914,"isBuyerMaker":true},{"id":"3458510631","price":85756.08,"qty":0.00062,"timestamp":1740807839922,"isBuyerMaker":true},{"id":"3458510632","price":85756.07,"qty":0.03451,"timestamp":1740807839922,"isBuyerMaker":true},{"id":"3458510633","price":85756.07,"qty":0.00084,"timestamp":1740807839927,"isBuyerMaker":true},{"id":"3458510634","price":85755.82,"qty":0.00014,"timestamp":1740807839927,"isBuyerMaker":true}],"recent":[{"id":"3458510635","price":85754.41,"qty":0.00005,"timestamp":1740807840561,"isBuyerMaker":false},{"id":"3458510636","price":85754.4,"qty":0.00244,"timestamp":1740807840620,"isBuyerMaker":true},{"id":"3458510637","price":85754.41,"qty":0.00137,"timestamp":1740807840718,"isBuyerMaker":false},{"id":"3458510638","price":85754.4,"qty":0.04274,"timestamp":1740807841054,"isBuyerMaker":true},{"id":"3458510639","price":85754.38,"qty":0.00043,"timestamp":1740807841054,"isBuyerMaker":true},{"id":"3458510640","price":85754.37,"qty":0.00014,"timestamp":1740807841054,"isBuyerMaker":true},{"id":"3458510641","price":85754.36,"qty":0.00599,"timestamp":1740807841054,"isBuyerMaker":true},{"id":"3458510642","price":85754.34,"qty":0.00028,"timestamp":1740807841054,"isBuyerMaker":true},{"id":"3458510643","price":85754.31,"qty":0.00035,"timestamp":1740807841054,"isBuyerMaker":true},{"id":"3458510644","price":85754.3,"qty":0.02014,"timestamp":1740807841054,"isBuyerMaker":true},{"id":"3458510645","price":85754.15,"qty":0.00014,"timestamp":1740807841054,"isBuyerMaker":true},{"id":"3458510646","price":85754.14,"qty":0.00014,"timestamp":1740807841054,"isBuyerMaker":true},{"id":"3458510647","price":85754.11,"qty":0.00014,"timestamp":1740807841054,"isBuyerMaker":true},{"id":"3458510648","price":85753.75,"qty":0.00014,"timestamp":1740807841055,"isBuyerMaker":true},{"id":"3458510649","price":85753.74,"qty":0.00014,"timestamp":1740807841057,"isBuyerMaker":true},{"id":"3458510650","price":85753.73,"qty":0.00014,"timestamp":1740807841057,"isBuyerMaker":true},{"id":"3458510651","price":85753.72,"qty":0.00014,"timestamp":1740807841057,"isBuyerMaker":true},{"id":"3458510652","price":85753.65,"qty":0.00013,"timestamp":1740807841057,"isBuyerMaker":true},{"id":"3458510653","price":85753.65,"qty":0.00011,"timestamp":1740807841213,"isBuyerMaker":true},{"id":"3458510654","price":85753.65,"qty":0.02441,"timestamp":1740807841315,"isBuyerMaker":true},{"id":"3458510655","price":85753.63,"qty":0.00043,"timestamp":1740807841315,"isBuyerMaker":true},{"id":"3458510656","price":85753.59,"qty":0.00029,"timestamp":1740807841315,"isBuyerMaker":true},{"id":"3458510657","price":85753.25,"qty":0.0002,"timestamp":1740807841315,"isBuyerMaker":true},{"id":"3458510658","price":85750.69,"qty":0.00047,"timestamp":1740807841315,"isBuyerMaker":true},{"id":"3458510659","price":85750.56,"qty":0.0002,"timestamp":1740807841315,"isBuyerMaker":true},{"id":"3458510660","price":85750.3,"qty":0.00314,"timestamp":1740807841315,"isBuyerMaker":true},{"id":"3458510661","price":85750.23,"qty":0.00035,"timestamp":1740807841315,"isBuyerMaker":true},{"id":"3458510662","price":85750.22,"qty":0.01022,"timestamp":1740807841315,"isBuyerMaker":true},{"id":"3458510663","price":85750.01,"qty":0.00014,"timestamp":1740807841315,"isBuyerMaker":true},{"id":"3458510664","price":85750,"qty":0.00014,"timestamp":1740807841315,"isBuyerMaker":true},{"id":"3458510665","price":85749.91,"qty":0.00519,"timestamp":1740807841315,"isBuyerMaker":true},{"id":"3458510666","price":85749.82,"qty":0.0002,"timestamp":1740807841315,"isBuyerMaker":true},{"id":"3458510667","price":85749.79,"qty":0.00029,"timestamp":1740807841315,"isBuyerMaker":true},{"id":"3458510668","price":85749.27,"qty":0.00042,"timestamp":1740807841315,"isBuyerMaker":true},{"id":"3458510669","price":85749.26,"qty":0.02344,"timestamp":1740807841315,"isBuyerMaker":true},{"id":"3458510670","price":85748.27,"qty":0.00472,"timestamp":1740807841315,"isBuyerMaker":true},{"id":"3458510671","price":85748.18,"qty":0.00012,"timestamp":1740807841315,"isBuyerMaker":true},{"id":"3458510672","price":85748,"qty":0.0144,"timestamp":1740807841315,"isBuyerMaker":true},{"id":"3458510673","price":85746.84,"qty":0.00021,"timestamp":1740807841315,"isBuyerMaker":true},{"id":"3458510674","price":85746.83,"qty":0.00057,"timestamp":1740807841320,"isBuyerMaker":true},{"id":"3458510675","price":85746.78,"qty":0.00021,"timestamp":1740807841320,"isBuyerMaker":true},{"id":"3458510676","price":85746.78,"qty":0.00046,"timestamp":1740807841749,"isBuyerMaker":false},{"id":"3458510677","price":85746.78,"qty":0.00624,"timestamp":1740807842263,"isBuyerMaker":false},{"id":"3458510678","price":85746.78,"qty":0.00016,"timestamp":1740807842759,"isBuyerMaker":false},{"id":"3458510679","price":85746.78,"qty":0.00297,"timestamp":1740807842782,"isBuyerMaker":false},{"id":"3458510680","price":85746.78,"qty":0.00131,"timestamp":1740807843255,"isBuyerMaker":false},{"id":"3458510681","price":85746.78,"qty":0.00007,"timestamp":1740807843703,"isBuyerMaker":false},{"id":"3458510682","price":85746.78,"qty":0.00067,"timestamp":1740807844109,"isBuyerMaker":false},{"id":"3458510683","price":85746.77,"qty":0.00137,"timestamp":1740807844164,"isBuyerMaker":true},{"id":"3458510684","price":85746.78,"qty":0.00009,"timestamp":1740807844396,"isBuyerMaker":false},{"id":"3458510685","price":85746.78,"qty":0.02525,"timestamp":1740807844412,"isBuyerMaker":false},{"id":"3458510686","price":85746.78,"qty":0.00889,"timestamp":1740807845993,"isBuyerMaker":false},{"id":"3458510687","price":85746.78,"qty":0.00132,"timestamp":1740807846278,"isBuyerMaker":false},{"id":"3458510688","price":85746.78,"qty":0.00099,"timestamp":1740807846366,"isBuyerMaker":false},{"id":"3458510689","price":85746.78,"qty":0.00007,"timestamp":1740807847353,"isBuyerMaker":false},{"id":"3458510690","price":85746.78,"qty":0.00116,"timestamp":1740807847385,"isBuyerMaker":false},{"id":"3458510691","price":85746.78,"qty":0.02963,"timestamp":1740807847643,"isBuyerMaker":false},{"id":"3458510692","price":85746.78,"qty":0.00023,"timestamp":1740807848279,"isBuyerMaker":false},{"id":"3458510693","price":85746.78,"qty":0.0003,"timestamp":1740807848827,"isBuyerMaker":false},{"id":"3458510694","price":85746.78,"qty":0.00049,"timestamp":1740807849644,"isBuyerMaker":false},{"id":"3458510695","price":85746.78,"qty":0.00009,"timestamp":1740807849918,"isBuyerMaker":false},{"id":"3458510696","price":85746.77,"qty":0.00196,"timestamp":1740807850349,"isBuyerMaker":true},{"id":"3458510697","price":85746.77,"qty":0.0225,"timestamp":1740807851291,"isBuyerMaker":true},{"id":"3458510698","price":85746.78,"qty":0.00024,"timestamp":1740807851409,"isBuyerMaker":false},{"id":"3458510699","price":85746.78,"qty":0.00031,"timestamp":1740807851701,"isBuyerMaker":false},{"id":"3458510700","price":85746.78,"qty":0.00059,"timestamp":1740807852508,"isBuyerMaker":false},{"id":"3458510701","price":85746.78,"qty":0.00031,"timestamp":1740807854635,"isBuyerMaker":false},{"id":"3458510702","price":85746.78,"qty":0.00117,"timestamp":1740807855574,"isBuyerMaker":false},{"id":"3458510703","price":85746.78,"qty":0.00009,"timestamp":1740807855992,"isBuyerMaker":false},{"id":"3458510704","price":85746.77,"qty":0.0005,"timestamp":1740807857207,"isBuyerMaker":true},{"id":"3458510705","price":85746.77,"qty":0.0005,"timestamp":1740807857222,"isBuyerMaker":true},{"id":"3458510706","price":85746.77,"qty":0.00118,"timestamp":1740807857231,"isBuyerMaker":true},{"id":"3458510707","price":85746.78,"qty":0.00064,"timestamp":1740807857244,"isBuyerMaker":false},{"id":"3458510708","price":85746.78,"qty":0.00023,"timestamp":1740807857702,"isBuyerMaker":false},{"id":"3458510709","price":85746.77,"qty":0.00801,"timestamp":1740807858358,"isBuyerMaker":true},{"id":"3458510710","price":85746.77,"qty":0.00029,"timestamp":1740807858703,"isBuyerMaker":true},{"id":"3458510711","price":85746.77,"qty":0.00044,"timestamp":1740807858738,"isBuyerMaker":true},{"id":"3458510712","price":85746.78,"qty":0.01551,"timestamp":1740807859632,"isBuyerMaker":false},{"id":"3458510713","price":85746.78,"qty":0.00116,"timestamp":1740807859997,"isBuyerMaker":false},{"id":"3458510714","price":85746.78,"qty":0.00054,"timestamp":1740807860248,"isBuyerMaker":false},{"id":"3458510715","price":85746.77,"qty":0.00012,"timestamp":1740807860370,"isBuyerMaker":true},{"id":"3458510716","price":85746.78,"qty":0.00045,"timestamp":1740807860455,"isBuyerMaker":false},{"id":"3458510717","price":85746.77,"qty":0.00674,"timestamp":1740807861157,"isBuyerMaker":true},{"id":"3458510718","price":85746.78,"qty":0.03127,"timestamp":1740807861301,"isBuyerMaker":false},{"id":"3458510719","price":85746.77,"qty":0.0045,"timestamp":1740807861537,"isBuyerMaker":true},{"id":"3458510720","price":85746.78,"qty":0.00563,"timestamp":1740807862414,"isBuyerMaker":false},{"id":"3458510721","price":85746.78,"qty":0.00031,"timestamp":1740807862582,"isBuyerMaker":false},{"id":"3458510722","price":85746.78,"qty":0.00046,"timestamp":1740807863492,"isBuyerMaker":false},{"id":"3458510723","price":85746.78,"qty":0.00099,"timestamp":1740807863612,"isBuyerMaker":false},{"id":"3458510724","price":85746.78,"qty":0.00314,"timestamp":1740807863661,"isBuyerMaker":false},{"id":"3458510725","price":85746.78,"qty":0.00557,"timestamp":1740807864277,"isBuyerMaker":false},{"id":"3458510726","price":85746.78,"qty":0.00029,"timestamp":1740807864291,"isBuyerMaker":false},{"id":"3458510727","price":85746.78,"qty":0.00182,"timestamp":1740807864514,"isBuyerMaker":false},{"id":"3458510728","price":85746.78,"qty":0.00051,"timestamp":1740807865571,"isBuyerMaker":false},{"id":"3458510729","price":85746.78,"qty":0.00008,"timestamp":1740807865612,"isBuyerMaker":false},{"id":"3458510730","price":85746.77,"qty":0.00084,"timestamp":1740807866378,"isBuyerMaker":true},{"id":"3458510731","price":85746.78,"qty":0.00239,"timestamp":1740807867267,"isBuyerMaker":false},{"id":"3458510732","price":85746.78,"qty":0.0001,"timestamp":1740807868309,"isBuyerMaker":false},{"id":"3458510733","price":85746.77,"qty":0.00269,"timestamp":1740807868510,"isBuyerMaker":true},{"id":"3458510734","price":85746.77,"qty":0.00266,"timestamp":1740807868705,"isBuyerMaker":true},{"id":"3458510735","price":85746.77,"qty":0.01044,"timestamp":1740807869230,"isBuyerMaker":true},{"id":"3458510736","price":85746.78,"qty":0.0015,"timestamp":1740807869508,"isBuyerMaker":false},{"id":"3458510737","price":85746.78,"qty":0.00018,"timestamp":1740807869568,"isBuyerMaker":false},{"id":"3458510738","price":85746.78,"qty":0.0001,"timestamp":1740807869890,"isBuyerMaker":false}]}