{"label":"spike_3_count_only","ts_ms":1740818550000,"historical":[{"id":"3458686226","price":85174.01,"qty":0.00014,"timestamp":1740818512941,"isBuyerMaker":true},{"id":"3458686227","price":85174,"qty":0.00014,"timestamp":1740818512941,"isBuyerMaker":true},{"id":"3458686228","price":85173.99,"qty":0.00014,"timestamp":1740818512941,"isBuyerMaker":true},{"id":"3458686229","price":85173.98,"qty":0.00028,"timestamp":1740818512941,"isBuyerMaker":true},{"id":"3458686230","price":85173.95,"qty":0.00077,"timestamp":1740818512941,"isBuyerMaker":true},{"id":"3458686231","price":85173.77,"qty":0.00086,"timestamp":1740818512948,"isBuyerMaker":true},{"id":"3458686232","price":85173.56,"qty":0.00014,"timestamp":1740818512948,"isBuyerMaker":true},{"id":"3458686233","price":85173.46,"qty":0.0002,"timestamp":1740818512948,"isBuyerMaker":true},{"id":"3458686234","price":85173.45,"qty":0.00021,"timestamp":1740818512948,"isBuyerMaker":true},{"id":"3458686235","price":85173.44,"qty":0.01045,"timestamp":1740818512948,"isBuyerMaker":true},{"id":"3458686236","price":85173.44,"qty":0.01339,"timestamp":1740818512950,"isBuyerMaker":true},{"id":"3458686237","price":85173.42,"qty":0.00014,"timestamp":1740818512950,"isBuyerMaker":true},{"id":"3458686238","price":85173.38,"qty":0.00014,"timestamp":1740818512950,"isBuyerMaker":true},{"id":"3458686239","price":85173.33,"qty":0.00072,"timestamp":1740818512950,"isBuyerMaker":true},{"id":"3458686240","price":85172.92,"qty":0.00049,"timestamp":1740818512950,"isBuyerMaker":true},{"id":"3458686241","price":85172.91,"qty":0.00812,"timestamp":1740818512950,"isBuyerMaker":true},{"id":"3458686242","price":85172.91,"qty":0.001,"timestamp":1740818513032,"isBuyerMaker":true},{"id":"3458686243","price":85172.91,"qty":0.093,"timestamp":1740818513032,"isBuyerMaker":true},{"id":"3458686244","price":85172.91,"qty":0.00115,"timestamp":1740818513064,"isBuyerMaker":true},{"id":"3458686245","price":85172.89,"qty":0.00042,"timestamp":1740818513064,"isBuyerMaker":true},{"id":"3458686246","price":85172.85,"qty":0.00028,"timestamp":1740818513064,"isBuyerMaker":true},{"id":"3458686247","price":85172.61,"qty":0.0002,"timestamp":1740818513064,"isBuyerMaker":true},{"id":"3458686248","price":85172.5,"qty":0.00032,"timestamp":1740818513064,"isBuyerMaker":true},{"id":"3458686249","price":85172.49,"qty":0.00014,"timestamp":1740818513064,"isBuyerMaker":true},{"id":"3458686250","price":85172.39,"qty":0.0007,"timestamp":1740818513064,"isBuyerMaker":true},{"id":"3458686251","price":85172.03,"qty":0.00044,"timestamp":1740818513064,"isBuyerMaker":true},{"id":"3458686252","price":85171.76,"qty":0.0002,"timestamp":1740818513064,"isBuyerMaker":true},{"id":"3458686253","price":85171.62,"qty":0.00014,"timestamp":1740818513064,"isBuyerMaker":true},{"id":"3458686254","price":85170.74,"qty":0.00014,"timestamp":1740818513064,"isBuyerMaker":true},{"id":"3458686255","price":85170.46,"qty":0.00376,"timestamp":1740818513064,"isBuyerMaker":true},{"id":"3458686256","price":85170.42,"qty":0.00049,"timestamp":1740818513064,"isBuyerMaker":true},{"id":"3458686257","price":85170.41,"qty":0.10014,"timestamp":1740818513064,"isBuyerMaker":true},{"id":"3458686258","price":85170.27,"qty":0.00364,"timestamp":1740818513064,"isBuyerMaker":true},{"id":"3458686259","price":85170.05,"qty":0.00013,"timestamp":1740818513064,"isBuyerMaker":true},{"id":"3458686260","price":85170.04,"qty":0.00029,"timestamp":1740818513064,"isBuyerMaker":true},{"id":"3458686261","price":85169.22,"qty":0.00013,"timestamp":1740818513064,"isBuyerMaker":true},{"id":"3458686262","price":85169.21,"qty":0.00006,"timestamp":1740818513064,"isBuyerMaker":true},{"id":"3458686263","price":85169.11,"qty":0.00019,"timestamp":1740818513064,"isBuyerMaker":true},{"id":"3458686264","price":85168.79,"qty":0.00012,"timestamp":1740818513064,"isBuyerMaker":true},{"id":"3458686265","price":85168.71,"qty":0.003,"timestamp":1740818513064,"isBuyerMaker":true},{"id":"3458686266","price":85168.17,"qty":0.00006,"timestamp":1740818513064,"isBuyerMaker":true},{"id":"3458686267","price":85166.04,"qty":0.00031,"timestamp":1740818513064,"isBuyerMaker":true},{"id":"3458686268","price":85165.92,"qty":0.00013,"timestamp":1740818513064,"isBuyerMaker":true},{"id":"3458686269","price":85165.37,"qty":0.00012,"timestamp":1740818513064,"isBuyerMaker":true},{"id":"3458686270","price":85165.26,"qty":0.00021,"timestamp":1740818513064,"isBuyerMaker":true},{"id":"3458686271","price":85165.25,"qty":0.0939,"timestamp":1740818513078,"isBuyerMaker":true},{"id":"3458686272","price":85165.25,"qty":0.014,"timestamp":1740818513081,"isBuyerMaker":true},{"id":"3458686273","price":85165.25,"qty":0.00317,"timestamp":1740818513357,"isBuyerMaker":true},{"id":"3458686274","price":85165.24,"qty":0.00014,"timestamp":1740818513357,"isBuyerMaker":true},{"id":"3458686275","price":85165.23,"qty":0.00044,"timestamp":1740818513357,"isBuyerMaker":true},{"id":"3458686276","price":85165.19,"qty":0.00028,"timestamp":1740818513357,"isBuyerMaker":true},{"id":"3458686277","price":85164.96,"qty":0.0002,"timestamp":1740818513357,"isBuyerMaker":true},{"id":"3458686278","price":85164.85,"qty":0.00022,"timestamp":1740818513357,"isBuyerMaker":true},{"id":"3458686279","price":85164.78,"qty":0.00014,"timestamp":1740818513357,"isBuyerMaker":true},{"id":"3458686280","price":85164.77,"qty":0.00014,"timestamp":1740818513357,"isBuyerMaker":true},{"id":"3458686281","price":85164.59,"qty":0.00014,"timestamp":1740818513357,"isBuyerMaker":true},{"id":"3458686282","price":85164,"qty":0.00014,"timestamp":1740818513357,"isBuyerMaker":true},{"id":"3458686283","price":85163.98,"qty":0.00014,"timestamp":1740818513357,"isBuyerMaker":true},{"id":"3458686284","price":85163.97,"qty":0.00014,"timestamp":1740818513357,"isBuyerMaker":true},{"id":"3458686285","price":85163.73,"qty":0.00014,"timestamp":1740818513357,"isBuyerMaker":true},{"id":"3458686286","price":85163.42,"qty":0.00014,"timestamp":1740818513357,"isBuyerMaker":true},{"id":"3458686287","price":85163.41,"qty":0.00014,"timestamp":1740818513357,"isBuyerMaker":true},{"id":"3458686288","price":85162.82,"qty":0.00012,"timestamp":1740818513357,"isBuyerMaker":true},{"id":"3458686289","price":85162.52,"qty":0.00021,"timestamp":1740818513357,"isBuyerMaker":true},{"id":"3458686290","price":85162.51,"qty":0.05964,"timestamp":1740818513357,"isBuyerMaker":true},{"id":"3458686291","price":85162.4,"qty":0.00041,"timestamp":1740818513357,"isBuyerMaker":true},{"id":"3458686292","price":85162.39,"qty":0.05136,"timestamp":1740818513357,"isBuyerMaker":true},{"id":"3458686293","price":85162.39,"qty":0.00119,"timestamp":1740818513411,"isBuyerMaker":true},{"id":"3458686294","price":85162.39,"qty":0.00116,"timestamp":1740818513601,"isBuyerMaker":false},{"id":"3458686295","price":85162.39,"qty":0.00116,"timestamp":1740818513742,"isBuyerMaker":false},{"id":"3458686296","price":85162.38,"qty":0.00089,"timestamp":1740818513927,"isBuyerMaker":true},{"id":"3458686297","price":85162.36,"qty":0.00042,"timestamp":1740818513927,"isBuyerMaker":true},{"id":"3458686298","price":85162.33,"qty":0.00014,"timestamp":1740818513927,"isBuyerMaker":true},{"id":"3458686299","price":85161.84,"qty":0.00014,"timestamp":1740818513927,"isBuyerMaker":true},{"id":"3458686300","price":85161.83,"qty":0.00014,"timestamp":1740818513927,"isBuyerMaker":true},{"id":"3458686301","price":85161.75,"qty":0.00014,"timestamp":1740818513927,"isBuyerMaker":true},{"id":"3458686302","price":85161.73,"qty":0.00014,"timestamp":1740818513927,"isBuyerMaker":true},{"id":"3458686303","price":85161.72,"qty":0.00005,"timestamp":1740818513927,"isBuyerMaker":true},{"id":"3458686304","price":85161.72,"qty":0.0001,"timestamp":1740818513929,"isBuyerMaker":true},{"id":"3458686305","price":85161.72,"qty":0.00031,"timestamp":1740818513929,"isBuyerMaker":true},{"id":"3458686306","price":85161.09,"qty":0.00014,"timestamp":1740818513929,"isBuyerMaker":true},{"id":"3458686307","price":85160.66,"qty":0.00014,"timestamp":1740818513929,"isBuyerMaker":true},{"id":"3458686308","price":85160.45,"qty":0.00084,"timestamp":1740818513929,"isBuyerMaker":true},{"id":"3458686309","price":85160.41,"qty":0.00053,"timestamp":1740818513929,"isBuyerMaker":true},{"id":"3458686310","price":85160.4,"qty":0.11676,"timestamp":1740818513929,"isBuyerMaker":true},{"id":"3458686311","price":85160.4,"qty":0.02144,"timestamp":1740818513930,"isBuyerMaker":true},{"id":"3458686312","price":85160.39,"qty":0.00268,"timestamp":1740818513930,"isBuyerMaker":true},{"id":"3458686313","price":85160.38,"qty":0.03173,"timestamp":1740818513930,"isBuyerMaker":true},{"id":"3458686314","price":85160.37,"qty":0.00651,"timestamp":1740818513930,"isBuyerMaker":true},{"id":"3458686315","price":85160.37,"qty":0.00029,"timestamp":1740818513932,"isBuyerMaker":true},{"id":"3458686316","price":85160.2,"qty":0.00063,"timestamp":1740818513932,"isBuyerMaker":true},{"id":"3458686317","price":85160.16,"qty":0.00014,"timestamp":1740818513932,"isBuyerMaker":true},{"id":"3458686318","price":85160,"qty":0.0068,"timestamp":1740818513939,"isBuyerMaker":true},{"id":"3458686319","price":85159.86,"qty":0.0005,"timestamp":1740818513945,"isBuyerMaker":true},{"id":"3458686320","price":85159.84,"qty":0.00019,"timestamp":1740818513945,"isBuyerMaker":true},{"id":"3458686321","price":85158.21,"qty":0.00042,"timestamp":1740818513952,"isBuyerMaker":true},{"id":"3458686322","price":85157.82,"qty":0.00078,"timestamp":1740818513958,"isBuyerMaker":true},{"id":"3458686323","price":85157.79,"qty":0.0007,"timestamp":1740818513963,"isBuyerMaker":true},{"id":"3458686324","price":85157.78,"qty":0.00064,"timestamp":1740818513987,"isBuyerMaker":true},{"id":"3458686325","price":85157.66,"qty":0.00014,"timestamp":1740818513987,"isBuyerMaker":true},{"id":"3458686326","price":85157.65,"qty":0.00014,"timestamp":1740818513987,"isBuyerMaker":true},{"id":"3458686327","price":85157.56,"qty":0.00014,"timestamp":1740818513987,"isBuyerMaker":true},{"id":"3458686328","price":85157.37,"qty":0.00026,"timestamp":1740818513987,"isBuyerMaker":true},{"id":"3458686329","price":85157.28,"qty":0.00314,"timestamp":1740818513987,"isBuyerMaker":true},{"id":"3458686330","price":85157.18,"qty":0.0002,"timestamp":1740818513987,"isBuyerMaker":true},{"id":"3458686331","price":85156.85,"qty":0.00484,"timestamp":1740818513987,"isBuyerMaker":true},{"id":"3458686332","price":85156,"qty":0.00249,"timestamp":1740818513987,"isBuyerMaker":true},{"id":"3458686333","price":85155.76,"qty":0.00029,"timestamp":1740818513987,"isBuyerMaker":true},{"id":"3458686334","price":85155.63,"qty":0.00047,"timestamp":1740818513987,"isBuyerMaker":true},{"id":"3458686335","price":85155.59,"qty":0.00028,"timestamp":1740818513987,"isBuyerMaker":true},{"id":"3458686336","price":85155.57,"qty":0.00025,"timestamp":1740818513987,"isBuyerMaker":true},{"id":"3458686337","price":85155.44,"qty":0.00042,"timestamp":1740818513987,"isBuyerMaker":true},{"id":"3458686338","price":85155,"qty":0.00098,"timestamp":1740818513987,"isBuyerMaker":true},{"id":"3458686339","price":85154.87,"qty":0.00012,"timestamp":1740818513987,"isBuyerMaker":true},{"id":"3458686340","price":85154.46,"qty":0.00013,"timestamp":1740818513987,"isBuyerMaker":true},{"id":"3458686341","price":85154.36,"qty":0.00026,"timestamp":1740818513987,"isBuyerMaker":true},{"id":"3458686342","price":85154.35,"qty":0.00017,"timestamp":1740818513987,"isBuyerMaker":true},{"id":"3458686343","price":85153.14,"qty":0.00013,"timestamp":1740818513987,"isBuyerMaker":true},{"id":"3458686344","price":85153.08,"qty":0.00108,"timestamp":1740818513987,"isBuyerMaker":true},{"id":"3458686345","price":85152.9,"qty":0.00015,"timestamp":1740818513987,"isBuyerMaker":true},{"id":"3458686346","price":85152.85,"qty":0.00026,"timestamp":1740818513987,"isBuyerMaker":true},{"id":"3458686347","price":85152.57,"qty":0.0008,"timestamp":1740818514053,"isBuyerMaker":true},{"id":"3458686348","price":85152.55,"qty":0.00042,"timestamp":1740818514053,"isBuyerMaker":true},{"id":"3458686349","price":85152.54,"qty":0.00059,"timestamp":1740818514053,"isBuyerMaker":true},{"id":"3458686350","price":85152.54,"qty":0.00087,"timestamp":1740818514056,"isBuyerMaker":true},{"id":"3458686351","price":85152.53,"qty":0.00029,"timestamp":1740818514056,"isBuyerMaker":true},{"id":"3458686352","price":85152.52,"qty":0.00014,"timestamp":1740818514056,"isBuyerMaker":true},{"id":"3458686353","price":85152.51,"qty":0.00029,"timestamp":1740818514056,"isBuyerMaker":true},{"id":"3458686354","price":85152.43,"qty":0.00014,"timestamp":1740818514056,"isBuyerMaker":true},{"id":"3458686355","price":85152.33,"qty":0.00026,"timestamp":1740818514056,"isBuyerMaker":true},{"id":"3458686356","price":85152.28,"qty":0.00014,"timestamp":1740818514056,"isBuyerMaker":true},{"id":"3458686357","price":85152.22,"qty":0.00037,"timestamp":1740818514056,"isBuyerMaker":true},{"id":"3458686358","price":85152.16,"qty":0.00014,"timestamp":1740818514056,"isBuyerMaker":true},{"id":"3458686359","price":85152,"qty":0.00249,"timestamp":1740818514056,"isBuyerMaker":true},{"id":"3458686360","price":85151.6,"qty":0.00014,"timestamp":1740818514056,"isBuyerMaker":true},{"id":"3458686361","price":85151.54,"qty":0.00072,"timestamp":1740818514056,"isBuyerMaker":true},{"id":"3458686362","price":85151.39,"qty":0.00131,"timestamp":1740818514056,"isBuyerMaker":true},{"id":"3458686363","price":85150.95,"qty":0.00035,"timestamp":1740818514056,"isBuyerMaker":true},{"id":"3458686364","price":85150.94,"qty":0.08635,"timestamp":1740818514056,"isBuyerMaker":true},{"id":"3458686365","price":85150.94,"qty":0.001,"timestamp":1740818514168,"isBuyerMaker":true},{"id":"3458686366","price":85150.95,"qty":0.00011,"timestamp":1740818514186,"isBuyerMaker":false},{"id":"3458686367","price":85150.94,"qty":0.11748,"timestamp":1740818514278,"isBuyerMaker":true},{"id":"3458686368","price":85150.94,"qty":0.0002,"timestamp":1740818514299,"isBuyerMaker":true},{"id":"3458686369","price":85150.94,"qty":0.00048,"timestamp":1740818514437,"isBuyerMaker":true},{"id":"3458686370","price":85150.94,"qty":0.0234,"timestamp":1740818514507,"isBuyerMaker":true},{"id":"3458686371","price":85150.95,"qty":0.00016,"timestamp":1740818514592,"isBuyerMaker":false},{"id":"3458686372","price":85150.94,"qty":0.0003,"timestamp":1740818514662,"isBuyerMaker":true},{"id":"3458686373","price":85150.95,"qty":0.00053,"timestamp":1740818514676,"isBuyerMaker":false},{"id":"3458686374","price":85150.95,"qty":0.00058,"timestamp":1740818514738,"isBuyerMaker":false},{"id":"3458686375","price":85150.94,"qty":0.0024,"timestamp":1740818514809,"isBuyerMaker":true},{"id":"3458686376","price":85150.94,"qty":0.0006,"timestamp":1740818514839,"isBuyerMaker":true},{"id":"3458686377","price":85150.94,"qty":0.00117,"timestamp":1740818514921,"isBuyerMaker":true},{"id":"3458686378","price":85150.94,"qty":0.094,"timestamp":1740818515035,"isBuyerMaker":true},{"id":"3458686379","price":85150.94,"qty":0.0059,"timestamp":1740818515281,"isBuyerMaker":true},{"id":"3458686380","price":85150.94,"qty":0.03877,"timestamp":1740818515283,"isBuyerMaker":true},{"id":"3458686381","price":85150.94,"qty":0.004,"timestamp":1740818515493,"isBuyerMaker":true},{"id":"3458686382","price":85150.94,"qty":0.0039,"timestamp":1740818515543,"isBuyerMaker":true},{"id":"3458686383","price":85150.94,"qty":0.0522,"timestamp":1740818515621,"isBuyerMaker":true},{"id":"3458686384","price":85150.95,"qty":0.00035,"timestamp":1740818515792,"isBuyerMaker":false},{"id":"3458686385","price":85150.95,"qty":0.02765,"timestamp":1740818517198,"isBuyerMaker":false},{"id":"3458686386","price":85150.95,"qty":0.02182,"timestamp":1740818517340,"isBuyerMaker":false},{"id":"3458686387","price":85150.95,"qty":0.01705,"timestamp":1740818517405,"isBuyerMaker":false},{"id":"3458686388","price":85150.95,"qty":0.01877,"timestamp":1740818518049,"isBuyerMaker":false},{"id":"3458686389","price":85150.95,"qty":0.0005,"timestamp":1740818518643,"isBuyerMaker":false},{"id":"3458686390","price":85150.94,"qty":0.00014,"timestamp":1740818518987,"isBuyerMaker":true},{"id":"3458686391","price":85150.95,"qty":0.01761,"timestamp":1740818519250,"isBuyerMaker":false},{"id":"3458686392","price":85150.95,"qty":0.002,"timestamp":1740818519539,"isBuyerMaker":false},{"id":"3458686393","price":85150.94,"qty":0.00319,"timestamp":1740818519581,"isBuyerMaker":true},{"id":"3458686394","price":85150.93,"qty":0.00014,"timestamp":1740818519581,"isBuyerMaker":true},{"id":"3458686395","price":85150.92,"qty":0.00044,"timestamp":1740818519581,"isBuyerMaker":true},{"id":"3458686396","price":85150.9,"qty":0.00014,"timestamp":1740818519581,"isBuyerMaker":true},{"id":"3458686397","price":85150.88,"qty":0.00028,"timestamp":1740818519581,"isBuyerMaker":true},{"id":"3458686398","price":85150.8,"qty":0.00014,"timestamp":1740818519581,"isBuyerMaker":true},{"id":"3458686399","price":85150.6,"qty":0.00034,"timestamp":1740818519581,"isBuyerMaker":true},{"id":"3458686400","price":85150.01,"qty":0.00053,"timestamp":1740818519581,"isBuyerMaker":true},{"id":"3458686401","price":85150,"qty":0.08613,"timestamp":1740818519581,"isBuyerMaker":true},{"id":"3458686402","price":85150,"qty":0.00033,"timestamp":1740818519582,"isBuyerMaker":true},{"id":"3458686403","price":85149.75,"qty":0.00014,"timestamp":1740818519582,"isBuyerMaker":true},{"id":"3458686404","price":85149.55,"qty":0.00033,"timestamp":1740818519582,"isBuyerMaker":true},{"id":"3458686405","price":85149.55,"qty":0.0002,"timestamp":1740818519583,"isBuyerMaker":true},{"id":"3458686406","price":85149.55,"qty":0.00005,"timestamp":1740818519583,"isBuyerMaker":true},{"id":"3458686407","price":85149.46,"qty":0.00014,"timestamp":1740818519583,"isBuyerMaker":true},{"id":"3458686408","price":85149.18,"qty":0.00014,"timestamp":1740818519583,"isBuyerMaker":true},{"id":"3458686409","price":85149.01,"qty":0.00014,"timestamp":1740818519583,"isBuyerMaker":true},{"id":"3458686410","price":85149,"qty":0.00014,"timestamp":1740818519583,"isBuyerMaker":true},{"id":"3458686411","price":85148.48,"qty":0.003,"timestamp":1740818519583,"isBuyerMaker":true},{"id":"3458686412","price":85148.09,"qty":0.00039,"timestamp":1740818519583,"isBuyerMaker":true},{"id":"3458686413","price":85148,"qty":0.00235,"timestamp":1740818519583,"isBuyerMaker":true},{"id":"3458686414","price":85147.3,"qty":0.00217,"timestamp":1740818519587,"isBuyerMaker":false},{"id":"3458686415","price":85147.29,"qty":0.00158,"timestamp":1740818519639,"isBuyerMaker":true},{"id":"3458686416","price":85147.28,"qty":0.00014,"timestamp":1740818519639,"isBuyerMaker":true},{"id":"3458686417","price":85146.51,"qty":0.00086,"timestamp":1740818519642,"isBuyerMaker":true},{"id":"3458686418","price":85146.05,"qty":0.00092,"timestamp":1740818519655,"isBuyerMaker":true},{"id":"3458686419","price":85145.6,"qty":0.00014,"timestamp":1740818519655,"isBuyerMaker":true},{"id":"3458686420","price":85145.42,"qty":0.00044,"timestamp":1740818519655,"isBuyerMaker":true},{"id":"3458686421","price":85145.12,"qty":0.00014,"timestamp":1740818519655,"isBuyerMaker":true},{"id":"3458686422","price":85145.01,"qty":0.00014,"timestamp":1740818519655,"isBuyerMaker":true},{"id":"3458686423","price":85145,"qty":0.00014,"timestamp":1740818519655,"isBuyerMaker":true},{"id":"3458686424","price":85144.9,"qty":0.00099,"timestamp":1740818519655,"isBuyerMaker":true},{"id":"3458686425","price":85144.57,"qty":0.00049,"timestamp":1740818519655,"isBuyerMaker":true},{"id":"3458686426","price":85144.41,"qty":0.00314,"timestamp":1740818519655,"isBuyerMaker":true},{"id":"3458686427","price":85144.15,"qty":0.0002,"timestamp":1740818519655,"isBuyerMaker":true},{"id":"3458686428","price":85144.11,"qty":0.00014,"timestamp":1740818519655,"isBuyerMaker":true},{"id":"3458686429","price":85144.05,"qty":0.00014,"timestamp":1740818519655,"isBuyerMaker":true},{"id":"3458686430","price":85144,"qty":0.00249,"timestamp":1740818519655,"isBuyerMaker":true},{"id":"3458686431","price":85143.99,"qty":0.00032,"timestamp":1740818519655,"isBuyerMaker":true},{"id":"3458686432","price":85143.98,"qty":0.00014,"timestamp":1740818519655,"isBuyerMaker":true},{"id":"3458686433","price":85143.77,"qty":0.00043,"timestamp":1740818519655,"isBuyerMaker":true},{"id":"3458686434","price":85143.76,"qty":0.02592,"timestamp":1740818519655,"isBuyerMaker":true},{"id":"3458686435","price":85143.35,"qty":0.00015,"timestamp":1740818519655,"isBuyerMaker":true},{"id":"3458686436","price":85143.08,"qty":0.00009,"timestamp":1740818519655,"isBuyerMaker":true},{"id":"3458686437","price":85142.88,"qty":0.01012,"timestamp":1740818519655,"isBuyerMaker":true},{"id":"3458686438","price":85141.75,"qty":0.00028,"timestamp":1740818519655,"isBuyerMaker":true},{"id":"3458686439","price":85141.04,"qty":0.00534,"timestamp":1740818519655,"isBuyerMaker":true},{"id":"3458686440","price":85140.8,"qty":0.00006,"timestamp":1740818519655,"isBuyerMaker":true},{"id":"3458686441","price":85140.72,"qty":0.00012,"timestamp":1740818519655,"isBuyerMaker":true},{"id":"3458686442","price":85140.41,"qty":0.00028,"timestamp":1740818519655,"isBuyerMaker":true},{"id":"3458686443","price":85140.15,"qty":0.00006,"timestamp":1740818519655,"isBuyerMaker":true},{"id":"3458686444","price":85140.01,"qty":0.00026,"timestamp":1740818519655,"isBuyerMaker":true},{"id":"3458686445","price":85140,"qty":0.0235,"timestamp":1740818519835,"isBuyerMaker":true},{"id":"3458686446","price":85140,"qty":0.05522,"timestamp":1740818519844,"isBuyerMaker":true},{"id":"3458686447","price":85140.01,"qty":0.00324,"timestamp":1740818519921,"isBuyerMaker":false},{"id":"3458686448","price":85140,"qty":0.094,"timestamp":1740818520058,"isBuyerMaker":true},{"id":"3458686449","price":85140,"qty":0.00705,"timestamp":1740818520280,"isBuyerMaker":true},{"id":"3458686450","price":85140,"qty":0.016,"timestamp":1740818520383,"isBuyerMaker":true},{"id":"3458686451","price":85139.99,"qty":0.00014,"timestamp":1740818520383,"isBuyerMaker":true},{"id":"3458686452","price":85139.98,"qty":0.00043,"timestamp":1740818520383,"isBuyerMaker":true},{"id":"3458686453","price":85139.96,"qty":0.00014,"timestamp":1740818520383,"isBuyerMaker":true},{"id":"3458686454","price":85139.94,"qty":0.00029,"timestamp":1740818520383,"isBuyerMaker":true},{"id":"3458686455","price":85139.91,"qty":0.00196,"timestamp":1740818520383,"isBuyerMaker":true},{"id":"3458686456","price":85139.83,"qty":0.00014,"timestamp":1740818520383,"isBuyerMaker":true},{"id":"3458686457","price":85139.82,"qty":0.00057,"timestamp":1740818520383,"isBuyerMaker":true},{"id":"3458686458","price":85139.81,"qty":0.06009,"timestamp":1740818520383,"isBuyerMaker":true},{"id":"3458686459","price":85139.7,"qty":0.00014,"timestamp":1740818520383,"isBuyerMaker":true},{"id":"3458686460","price":85139.69,"qty":0.00014,"timestamp":1740818520383,"isBuyerMaker":true},{"id":"3458686461","price":85139.39,"qty":0.00014,"timestamp":1740818520383,"isBuyerMaker":true},{"id":"3458686462","price":85139.05,"qty":0.00014,"timestamp":1740818520383,"isBuyerMaker":true},{"id":"3458686463","price":85138.96,"qty":0.00014,"timestamp":1740818520383,"isBuyerMaker":true},{"id":"3458686464","price":85138.95,"qty":0.00014,"timestamp":1740818520383,"isBuyerMaker":true},{"id":"3458686465","price":85137.95,"qty":0.00039,"timestamp":1740818520383,"isBuyerMaker":true},{"id":"3458686466","price":85137.94,"qty":0.0348,"timestamp":1740818520383,"isBuyerMaker":true},{"id":"3458686467","price":85136.61,"qty":0.00006,"timestamp":1740818520383,"isBuyerMaker":true},{"id":"3458686468","price":85136.02,"qty":0.00047,"timestamp":1740818520383,"isBuyerMaker":true},{"id":"3458686469","price":85136.02,"qty":0.00364,"timestamp":1740818520737,"isBuyerMaker":false},{"id":"3458686470","price":85136.02,"qty":0.00364,"timestamp":1740818520880,"isBuyerMaker":false},{"id":"3458686471","price":85136.01,"qty":0.094,"timestamp":1740818521040,"isBuyerMaker":true},{"id":"3458686472","price":85136.01,"qty":0.0236,"timestamp":1740818521396,"isBuyerMaker":true},{"id":"3458686473","price":85136.01,"qty":0.0018,"timestamp":1740818521615,"isBuyerMaker":true},{"id":"3458686474","price":85136.01,"qty":0.02,"timestamp":1740818521692,"isBuyerMaker":true},{"id":"3458686475","price":85136.01,"qty":0.0337,"timestamp":1740818521864,"isBuyerMaker":true},{"id":"3458686476","price":85136.01,"qty":0.0149,"timestamp":1740818521882,"isBuyerMaker":true},{"id":"3458686477","price":85136.01,"qty":0.01175,"timestamp":1740818522085,"isBuyerMaker":true},{"id":"3458686478","price":85136.01,"qty":0.0987,"timestamp":1740818522085,"isBuyerMaker":true},{"id":"3458686479","price":85136.02,"qty":0.00056,"timestamp":1740818522251,"isBuyerMaker":false},{"id":"3458686480","price":85136.02,"qty":0.00058,"timestamp":1740818523025,"isBuyerMaker":false},{"id":"3458686481","price":85136.01,"qty":0.00177,"timestamp":1740818523073,"isBuyerMaker":true},{"id":"3458686482","price":85136,"qty":0.00466,"timestamp":1740818523073,"isBuyerMaker":true},{"id":"3458686483","price":85136.01,"qty":0.00101,"timestamp":1740818523728,"isBuyerMaker":false},{"id":"3458686484","price":85136,"qty":0.01,"timestamp":1740818524034,"isBuyerMaker":true},{"id":"3458686485","price":85136,"qty":0.003,"timestamp":1740818524035,"isBuyerMaker":true},{"id":"3458686486","price":85136,"qty":0.081,"timestamp":1740818524035,"isBuyerMaker":true},{"id":"3458686487","price":85136,"qty":0.094,"timestamp":1740818524077,"isBuyerMaker":true},{"id":"3458686488","price":85136,"qty":0.00047,"timestamp":1740818524275,"isBuyerMaker":true},{"id":"3458686489","price":85136,"qty":0.00164,"timestamp":1740818524282,"isBuyerMaker":true},{"id":"3458686490","price":85135.99,"qty":0.00067,"timestamp":1740818524282,"isBuyerMaker":true},{"id":"3458686491","price":85135.98,"qty":0.00042,"timestamp":1740818524282,"isBuyerMaker":true},{"id":"3458686492","price":85135.97,"qty":0.00014,"timestamp":1740818524282,"isBuyerMaker":true},{"id":"3458686493","price":85135.95,"qty":0.00014,"timestamp":1740818524282,"isBuyerMaker":true},{"id":"3458686494","price":85135.59,"qty":0.00032,"timestamp":1740818524282,"isBuyerMaker":true},{"id":"3458686495","price":85135.58,"qty":0.00014,"timestamp":1740818524282,"isBuyerMaker":true},{"id":"3458686496","price":85135.53,"qty":0.00014,"timestamp":1740818524282,"isBuyerMaker":true},{"id":"3458686497","price":85135.51,"qty":0.00014,"timestamp":1740818524282,"isBuyerMaker":true},{"id":"3458686498","price":85135.5,"qty":0.00014,"timestamp":1740818524282,"isBuyerMaker":true},{"id":"3458686499","price":85135.46,"qty":0.00014,"timestamp":1740818524282,"isBuyerMaker":true},{"id":"3458686500","price":85135.39,"qty":0.00014,"timestamp":1740818524282,"isBuyerMaker":true},{"id":"3458686501","price":85134.77,"qty":0.00014,"timestamp":1740818524282,"isBuyerMaker":true},{"id":"3458686502","price":85134.44,"qty":0.00014,"timestamp":1740818524282,"isBuyerMaker":true},{"id":"3458686503","price":85133.82,"qty":0.00047,"timestamp":1740818524282,"isBuyerMaker":true},{"id":"3458686504","price":85133.77,"qty":0.00019,"timestamp":1740818524282,"isBuyerMaker":true},{"id":"3458686505","price":85133.67,"qty":0.00027,"timestamp":1740818524282,"isBuyerMaker":true},{"id":"3458686506","price":85133.2,"qty":0.001,"timestamp":1740818524282,"isBuyerMaker":true},{"id":"3458686507","price":85132.83,"qty":0.00035,"timestamp":1740818524282,"isBuyerMaker":true},{"id":"3458686508","price":85132.15,"qty":0.00006,"timestamp":1740818524282,"isBuyerMaker":true},{"id":"3458686509","price":85132,"qty":0.00252,"timestamp":1740818524282,"isBuyerMaker":true},{"id":"3458686510","price":85131.63,"qty":0.003,"timestamp":1740818524282,"isBuyerMaker":true},{"id":"3458686511","price":85131.57,"qty":0.00029,"timestamp":1740818524282,"isBuyerMaker":true},{"id":"3458686512","price":85130.51,"qty":0.00021,"timestamp":1740818524282,"isBuyerMaker":true},{"id":"3458686513","price":85130.37,"qty":0.00012,"timestamp":1740818524282,"isBuyerMaker":true},{"id":"3458686514","price":85130.24,"qty":0.00013,"timestamp":1740818524282,"isBuyerMaker":true},{"id":"3458686515","price":85130.11,"qty":0.00481,"timestamp":1740818524282,"isBuyerMaker":true},{"id":"3458686516","price":85129.73,"qty":0.00006,"timestamp":1740818524282,"isBuyerMaker":true},{"id":"3458686517","price":85129.47,"qty":0.00043,"timestamp":1740818524282,"isBuyerMaker":true},{"id":"3458686518","price":85129.46,"qty":0.09915,"timestamp":1740818524282,"isBuyerMaker":true},{"id":"3458686519","price":85129.47,"qty":0.00029,"timestamp":1740818524696,"isBuyerMaker":false},{"id":"3458686520","price":85129.46,"qty":0.094,"timestamp":1740818525036,"isBuyerMaker":true},{"id":"3458686521","price":85129.47,"qty":0.00302,"timestamp":1740818525493,"isBuyerMaker":false},{"id":"3458686522","price":85129.46,"qty":0.012,"timestamp":1740818526032,"isBuyerMaker":true},{"id":"3458686523","price":85129.46,"qty":0.044,"timestamp":1740818526033,"isBuyerMaker":true},{"id":"3458686524","price":85129.46,"qty":0.038,"timestamp":1740818526033,"isBuyerMaker":true},{"id":"3458686525","price":85129.47,"qty":0.00116,"timestamp":1740818526564,"isBuyerMaker":false},{"id":"3458686526","price":85129.47,"qty":0.00116,"timestamp":1740818526736,"isBuyerMaker":false},{"id":"3458686527","price":85129.46,"qty":0.022,"timestamp":1740818527031,"isBuyerMaker":true},{"id":"3458686528","price":85129.46,"qty":0.072,"timestamp":1740818527032,"isBuyerMaker":true},{"id":"3458686529","price":85129.46,"qty":0.1,"timestamp":1740818527632,"isBuyerMaker":true},{"id":"3458686530","price":85129.47,"qty":0.00356,"timestamp":1740818527848,"isBuyerMaker":false},{"id":"3458686531","price":85129.46,"qty":0.002,"timestamp":1740818528030,"isBuyerMaker":true},{"id":"3458686532","price":85129.46,"qty":0.002,"timestamp":1740818528031,"isBuyerMaker":true},{"id":"3458686533","price":85129.46,"qty":0.017,"timestamp":1740818528033,"isBuyerMaker":true},{"id":"3458686534","price":85129.46,"qty":0.004,"timestamp":1740818528034,"isBuyerMaker":true},{"id":"3458686535","price":85129.46,"qty":0.069,"timestamp":1740818528034,"isBuyerMaker":true},{"id":"3458686536","price":85129.47,"qty":0.15404,"timestamp":1740818528558,"isBuyerMaker":false},{"id":"3458686537","price":85129.47,"qty":0.01704,"timestamp":1740818528713,"isBuyerMaker":false},{"id":"3458686538","price":85129.46,"qty":0.023,"timestamp":1740818529033,"isBuyerMaker":true},{"id":"3458686539","price":85129.46,"qty":0.013,"timestamp":1740818529034,"isBuyerMaker":true},{"id":"3458686540","price":85129.46,"qty":0.058,"timestamp":1740818529034,"isBuyerMaker":true},{"id":"3458686541","price":85129.47,"qty":0.00007,"timestamp":1740818529105,"isBuyerMaker":false},{"id":"3458686542","price":85129.47,"qty":0.01195,"timestamp":1740818529300,"isBuyerMaker":false},{"id":"3458686543","price":85129.47,"qty":0.00137,"timestamp":1740818529581,"isBuyerMaker":false},{"id":"3458686544","price":85129.47,"qty":0.00033,"timestamp":1740818529603,"isBuyerMaker":false},{"id":"3458686545","price":85129.47,"qty":0.00055,"timestamp":1740818529646,"isBuyerMaker":false},{"id":"3458686546","price":85129.47,"qty":0.00331,"timestamp":1740818530087,"isBuyerMaker":false},{"id":"3458686547","price":85129.47,"qty":0.01216,"timestamp":1740818530358,"isBuyerMaker":false},{"id":"3458686548","price":85129.47,"qty":0.00036,"timestamp":1740818530765,"isBuyerMaker":false},{"id":"3458686549","price":85129.47,"qty":0.00113,"timestamp":1740818531239,"isBuyerMaker":false},{"id":"3458686550","price":85129.47,"qty":0.002,"timestamp":1740818531473,"isBuyerMaker":false},{"id":"3458686551","price":85129.47,"qty":0.00035,"timestamp":1740818531768,"isBuyerMaker":false},{"id":"3458686552","price":85129.47,"qty":0.00113,"timestamp":1740818531780,"isBuyerMaker":false},{"id":"3458686553","price":85129.47,"qty":0.00015,"timestamp":1740818531783,"isBuyerMaker":false},{"id":"3458686554","price":85129.47,"qty":0.00916,"timestamp":1740818532510,"isBuyerMaker":false},{"id":"3458686555","price":85129.47,"qty":0.00048,"timestamp":1740818532781,"isBuyerMaker":false},{"id":"3458686556","price":85129.47,"qty":0.00071,"timestamp":1740818532899,"isBuyerMaker":false},{"id":"3458686557","price":85129.47,"qty":0.00037,"timestamp":1740818533276,"isBuyerMaker":false},{"id":"3458686558","price":85129.47,"qty":0.02073,"timestamp":1740818533285,"isBuyerMaker":false},{"id":"3458686559","price":85129.46,"qty":0.00012,"timestamp":1740818533937,"isBuyerMaker":true},{"id":"3458686560","price":85129.47,"qty":0.00069,"timestamp":1740818534890,"isBuyerMaker":false},{"id":"3458686561","price":85129.47,"qty":0.0006,"timestamp":1740818535302,"isBuyerMaker":false},{"id":"3458686562","price":85129.47,"qty":0.05223,"timestamp":1740818535766,"isBuyerMaker":false},{"id":"3458686563","price":85129.47,"qty":0.00054,"timestamp":1740818536365,"isBuyerMaker":false},{"id":"3458686564","price":85129.47,"qty":0.00733,"timestamp":1740818536706,"isBuyerMaker":false},{"id":"3458686565","price":85129.47,"qty":0.01267,"timestamp":1740818536713,"isBuyerMaker":false},{"id":"3458686566","price":85129.47,"qty":0.08271,"timestamp":1740818536745,"isBuyerMaker":false},{"id":"3458686567","price":85129.48,"qty":0.00059,"timestamp":1740818536745,"isBuyerMaker":false},{"id":"3458686568","price":85129.49,"qty":0.01174,"timestamp":1740818536745,"isBuyerMaker":false},{"id":"3458686569","price":85129.49,"qty":0.00587,"timestamp":1740818536751,"isBuyerMaker":false},{"id":"3458686570","price":85129.49,"qty":0.02229,"timestamp":1740818536756,"isBuyerMaker":false},{"id":"3458686571","price":85129.49,"qty":0.0102,"timestamp":1740818536759,"isBuyerMaker":false},{"id":"3458686572","price":85129.49,"qty":0.01581,"timestamp":1740818536766,"isBuyerMaker":false},{"id":"3458686573","price":85129.49,"qty":0.008,"timestamp":1740818536774,"isBuyerMaker":false},{"id":"3458686574","price":85129.49,"qty":0.01575,"timestamp":1740818536776,"isBuyerMaker":false},{"id":"3458686575","price":85129.5,"qty":0.00011,"timestamp":1740818536776,"isBuyerMaker":false},{"id":"3458686576","price":85129.99,"qty":0.00021,"timestamp":1740818536776,"isBuyerMaker":false},{"id":"3458686577","price":85130,"qty":0.02356,"timestamp":1740818536776,"isBuyerMaker":false},{"id":"3458686578","price":85130.12,"qty":0.00006,"timestamp":1740818536776,"isBuyerMaker":false},{"id":"3458686579","price":85132.81,"qty":0.01007,"timestamp":1740818536776,"isBuyerMaker":false},{"id":"3458686580","price":85133.23,"qty":0.02882,"timestamp":1740818536807,"isBuyerMaker":false},{"id":"3458686581","price":85133.23,"qty":0.02007,"timestamp":1740818536843,"isBuyerMaker":false},{"id":"3458686582","price":85133.24,"qty":0.00016,"timestamp":1740818536843,"isBuyerMaker":false},{"id":"3458686583","price":85133.95,"qty":0.00021,"timestamp":1740818536843,"isBuyerMaker":false},{"id":"3458686584","price":85133.96,"qty":0.03239,"timestamp":1740818536843,"isBuyerMaker":false},{"id":"3458686585","price":85133.96,"qty":0.01613,"timestamp":1740818536885,"isBuyerMaker":false},{"id":"3458686586","price":85133.97,"qty":0.00009,"timestamp":1740818536885,"isBuyerMaker":false},{"id":"3458686587","price":85133.99,"qty":0.00021,"timestamp":1740818536885,"isBuyerMaker":false},{"id":"3458686588","price":85134,"qty":0.01424,"timestamp":1740818536885,"isBuyerMaker":false},{"id":"3458686589","price":85134,"qty":0.00041,"timestamp":1740818536916,"isBuyerMaker":false},{"id":"3458686590","price":85134,"qty":0.00026,"timestamp":1740818536987,"isBuyerMaker":false},{"id":"3458686591","price":85134,"qty":0.00072,"timestamp":1740818537021,"isBuyerMaker":false},{"id":"3458686592","price":85134.02,"qty":0.00028,"timestamp":1740818537021,"isBuyerMaker":false},{"id":"3458686593","price":85134.06,"qty":0.00008,"timestamp":1740818537021,"isBuyerMaker":false},{"id":"3458686594","price":85133.99,"qty":0.066,"timestamp":1740818537036,"isBuyerMaker":true},{"id":"3458686595","price":85133.99,"qty":0.002,"timestamp":1740818537036,"isBuyerMaker":true},{"id":"3458686596","price":85133.99,"qty":0.002,"timestamp":1740818537036,"isBuyerMaker":true},{"id":"3458686597","price":85133.99,"qty":0.002,"timestamp":1740818537037,"isBuyerMaker":true},{"id":"3458686598","price":85133.99,"qty":0.002,"timestamp":1740818537037,"isBuyerMaker":true},{"id":"3458686599","price":85133.99,"qty":0.002,"timestamp":1740818537037,"isBuyerMaker":true},{"id":"3458686600","price":85133.99,"qty":0.016,"timestamp":1740818537037,"isBuyerMaker":true},{"id":"3458686601","price":85133.99,"qty":0.002,"timestamp":1740818537037,"isBuyerMaker":true},{"id":"3458686602","price":85134,"qty":0.00059,"timestamp":1740818537058,"isBuyerMaker":false},{"id":"3458686603","price":85134,"qty":0.09457,"timestamp":1740818537084,"isBuyerMaker":false},{"id":"3458686604","price":85134,"qty":0.02075,"timestamp":1740818537097,"isBuyerMaker":false},{"id":"3458686605","price":85134,"qty":0.02075,"timestamp":1740818537106,"isBuyerMaker":false},{"id":"3458686606","price":85134,"qty":0.02075,"timestamp":1740818537113,"isBuyerMaker":false},{"id":"3458686607","price":85134,"qty":0.03008,"timestamp":1740818537116,"isBuyerMaker":false},{"id":"3458686608","price":85134.06,"qty":0.0002,"timestamp":1740818537116,"isBuyerMaker":false},{"id":"3458686609","price":85135.23,"qty":0.00014,"timestamp":1740818537116,"isBuyerMaker":false},{"id":"3458686610","price":85135.24,"qty":0.00014,"timestamp":1740818537116,"isBuyerMaker":false},{"id":"3458686611","price":85135.99,"qty":0.00147,"timestamp":1740818537121,"isBuyerMaker":false},{"id":"3458686612","price":85136,"qty":0.00378,"timestamp":1740818537121,"isBuyerMaker":false},{"id":"3458686613","price":85136,"qty":0.01258,"timestamp":1740818537163,"isBuyerMaker":false},{"id":"3458686614","price":85136.01,"qty":0.01282,"timestamp":1740818537163,"isBuyerMaker":false},{"id":"3458686615","price":85136.02,"qty":0.04511,"timestamp":1740818537163,"isBuyerMaker":false},{"id":"3458686616","price":85136.14,"qty":0.00014,"timestamp":1740818537163,"isBuyerMaker":false},{"id":"3458686617","price":85137,"qty":0.01023,"timestamp":1740818537163,"isBuyerMaker":false},{"id":"3458686618","price":85137.76,"qty":0.0002,"timestamp":1740818537163,"isBuyerMaker":false},{"id":"3458686619","price":85137.79,"qty":0.00014,"timestamp":1740818537163,"isBuyerMaker":false},{"id":"3458686620","price":85137.99,"qty":0.00448,"timestamp":1740818537201,"isBuyerMaker":false},{"id":"3458686621","price":85138,"qty":0.01441,"timestamp":1740818537201,"isBuyerMaker":false},{"id":"3458686622","price":85137.99,"qty":0.00028,"timestamp":1740818537258,"isBuyerMaker":true},{"id":"3458686623","price":85138,"qty":0.00165,"timestamp":1740818537354,"isBuyerMaker":false},{"id":"3458686624","price":85138,"qty":0.00033,"timestamp":1740818537363,"isBuyerMaker":false},{"id":"3458686625","price":85138,"qty":0.00055,"timestamp":1740818537372,"isBuyerMaker":false},{"id":"3458686626","price":85138,"qty":0.00013,"timestamp":1740818537380,"isBuyerMaker":false},{"id":"3458686627","price":85138,"qty":0.00016,"timestamp":1740818537472,"isBuyerMaker":false},{"id":"3458686628","price":85138,"qty":0.00016,"timestamp":1740818537480,"isBuyerMaker":false},{"id":"3458686629","price":85138,"qty":0.00016,"timestamp":1740818537485,"isBuyerMaker":false},{"id":"3458686630","price":85138,"qty":0.00015,"timestamp":1740818537492,"isBuyerMaker":false},{"id":"3458686631","price":85138,"qty":0.00015,"timestamp":1740818537493,"isBuyerMaker":false},{"id":"3458686632","price":85138,"qty":0.00016,"timestamp":1740818537496,"isBuyerMaker":false},{"id":"3458686633","price":85138,"qty":0.00016,"timestamp":1740818537503,"isBuyerMaker":false},{"id":"3458686634","price":85138,"qty":0.00067,"timestamp":1740818537506,"isBuyerMaker":false},{"id":"3458686635","price":85138.01,"qty":0.00007,"timestamp":1740818537506,"isBuyerMaker":false},{"id":"3458686636","price":85138.01,"qty":0.00016,"timestamp":1740818537511,"isBuyerMaker":false},{"id":"3458686637","price":85138.01,"qty":0.00016,"timestamp":1740818537515,"isBuyerMaker":false},{"id":"3458686638","price":85138.01,"qty":0.00016,"timestamp":1740818537517,"isBuyerMaker":false},{"id":"3458686639","price":85138.01,"qty":0.00016,"timestamp":1740818537522,"isBuyerMaker":false},{"id":"3458686640","price":85138.01,"qty":0.00016,"timestamp":1740818537528,"isBuyerMaker":false},{"id":"3458686641","price":85138.01,"qty":0.00016,"timestamp":1740818537529,"isBuyerMaker":false},{"id":"3458686642","price":85138.01,"qty":0.00016,"timestamp":1740818537530,"isBuyerMaker":false},{"id":"3458686643","price":85138.01,"qty":0.00016,"timestamp":1740818537531,"isBuyerMaker":false},{"id":"3458686644","price":85138.01,"qty":0.00016,"timestamp":1740818537531,"isBuyerMaker":false},{"id":"3458686645","price":85138.01,"qty":0.00016,"timestamp":1740818537531,"isBuyerMaker":false},{"id":"3458686646","price":85138.01,"qty":0.00016,"timestamp":1740818537531,"isBuyerMaker":false},{"id":"3458686647","price":85138.01,"qty":0.00016,"timestamp":1740818537532,"isBuyerMaker":false},{"id":"3458686648","price":85138.01,"qty":0.00016,"timestamp":1740818537533,"isBuyerMaker":false},{"id":"3458686649","price":85138.01,"qty":0.00016,"timestamp":1740818537534,"isBuyerMaker":false},{"id":"3458686650","price":85138.01,"qty":0.00016,"timestamp":1740818537536,"isBuyerMaker":false},{"id":"3458686651","price":85138.01,"qty":0.00015,"timestamp":1740818537539,"isBuyerMaker":false},{"id":"3458686652","price":85138.01,"qty":0.00015,"timestamp":1740818537540,"isBuyerMaker":false},{"id":"3458686653","price":85138.01,"qty":0.00016,"timestamp":1740818537544,"isBuyerMaker":false},{"id":"3458686654","price":85138.01,"qty":0.00052,"timestamp":1740818537546,"isBuyerMaker":false},{"id":"3458686655","price":85138.05,"qty":0.00014,"timestamp":1740818537546,"isBuyerMaker":false},{"id":"3458686656","price":85138.32,"qty":0.0008,"timestamp":1740818537577,"isBuyerMaker":false},{"id":"3458686657","price":85138.32,"qty":0.00088,"timestamp":1740818537612,"isBuyerMaker":false},{"id":"3458686658","price":85138.33,"qty":0.00014,"timestamp":1740818537612,"isBuyerMaker":false},{"id":"3458686659","price":85138.34,"qty":0.00022,"timestamp":1740818537612,"isBuyerMaker":false},{"id":"3458686660","price":85138.33,"qty":0.11841,"timestamp":1740818537855,"isBuyerMaker":true},{"id":"3458686661","price":85138.33,"qty":0.094,"timestamp":1740818538033,"isBuyerMaker":true},{"id":"3458686662","price":85138.33,"qty":0.00008,"timestamp":1740818538259,"isBuyerMaker":true},{"id":"3458686663","price":85138.33,"qty":0.1175,"timestamp":1740818538329,"isBuyerMaker":true},{"id":"3458686664","price":85138.33,"qty":0.00022,"timestamp":1740818538368,"isBuyerMaker":true},{"id":"3458686665","price":85138.34,"qty":0.00053,"timestamp":1740818538411,"isBuyerMaker":false},{"id":"3458686666","price":85138.34,"qty":0.00012,"timestamp":1740818538473,"isBuyerMaker":false},{"id":"3458686667","price":85138.34,"qty":0.00235,"timestamp":1740818538529,"isBuyerMaker":false},{"id":"3458686668","price":85138.34,"qty":0.00049,"timestamp":1740818538537,"isBuyerMaker":false},{"id":"3458686669","price":85138.34,"qty":0.00018,"timestamp":1740818538549,"isBuyerMaker":false},{"id":"3458686670","price":85138.34,"qty":0.00129,"timestamp":1740818538635,"isBuyerMaker":false},{"id":"3458686671","price":85138.33,"qty":0.0006,"timestamp":1740818538918,"isBuyerMaker":true},{"id":"3458686672","price":85138.34,"qty":0.00006,"timestamp":1740818539698,"isBuyerMaker":false},{"id":"3458686673","price":85138.34,"qty":0.00135,"timestamp":1740818540280,"isBuyerMaker":false},{"id":"3458686674","price":85138.34,"qty":0.00018,"timestamp":1740818540769,"isBuyerMaker":false},{"id":"3458686675","price":85138.33,"qty":0.00117,"timestamp":1740818542237,"isBuyerMaker":true},{"id":"3458686676","price":85138.34,"qty":0.00062,"timestamp":1740818543254,"isBuyerMaker":false},{"id":"3458686677","price":85138.34,"qty":0.002,"timestamp":1740818543408,"isBuyerMaker":false},{"id":"3458686678","price":85138.34,"qty":0.00029,"timestamp":1740818543695,"isBuyerMaker":false},{"id":"3458686679","price":85138.34,"qty":0.00034,"timestamp":1740818543959,"isBuyerMaker":false},{"id":"3458686680","price":85138.33,"qty":0.00031,"timestamp":1740818544010,"isBuyerMaker":true},{"id":"3458686681","price":85138.34,"qty":0.0184,"timestamp":1740818544801,"isBuyerMaker":false},{"id":"3458686682","price":85138.35,"qty":0.00028,"timestamp":1740818544801,"isBuyerMaker":false},{"id":"3458686683","price":85138.36,"qty":0.00028,"timestamp":1740818544801,"isBuyerMaker":false},{"id":"3458686684","price":85138.37,"qty":0.00029,"timestamp":1740818544801,"isBuyerMaker":false},{"id":"3458686685","price":85138.38,"qty":0.00014,"timestamp":1740818544801,"isBuyerMaker":false},{"id":"3458686686","price":85138.41,"qty":0.00014,"timestamp":1740818544801,"isBuyerMaker":false},{"id":"3458686687","price":85138.61,"qty":0.0002,"timestamp":1740818544801,"isBuyerMaker":false},{"id":"3458686688","price":85138.76,"qty":0.00014,"timestamp":1740818544801,"isBuyerMaker":false},{"id":"3458686689","price":85139.02,"qty":0.00014,"timestamp":1740818544801,"isBuyerMaker":false},{"id":"3458686690","price":85139.03,"qty":0.00014,"timestamp":1740818544801,"isBuyerMaker":false},{"id":"3458686691","price":85139.04,"qty":0.00007,"timestamp":1740818544825,"isBuyerMaker":false},{"id":"3458686692","price":85139.04,"qty":0.01039,"timestamp":1740818544832,"isBuyerMaker":false},{"id":"3458686693","price":85139.06,"qty":0.00022,"timestamp":1740818544832,"isBuyerMaker":false},{"id":"3458686694","price":85139.06,"qty":0.00876,"timestamp":1740818544968,"isBuyerMaker":false},{"id":"3458686695","price":85139.1,"qty":0.00029,"timestamp":1740818544968,"isBuyerMaker":false},{"id":"3458686696","price":85139.17,"qty":0.00014,"timestamp":1740818544968,"isBuyerMaker":false},{"id":"3458686697","price":85139.25,"qty":0.00035,"timestamp":1740818544968,"isBuyerMaker":false},{"id":"3458686698","price":85139.28,"qty":0.094,"timestamp":1740818545033,"isBuyerMaker":true},{"id":"3458686699","price":85139.28,"qty":0.00006,"timestamp":1740818545043,"isBuyerMaker":true},{"id":"3458686700","price":85139.29,"qty":0.00679,"timestamp":1740818545071,"isBuyerMaker":false},{"id":"3458686701","price":85139.3,"qty":0.03642,"timestamp":1740818545275,"isBuyerMaker":true},{"id":"3458686702","price":85139.3,"qty":0.00062,"timestamp":1740818545609,"isBuyerMaker":true},{"id":"3458686703","price":85139.31,"qty":0.00204,"timestamp":1740818545686,"isBuyerMaker":false},{"id":"3458686704","price":85139.3,"qty":0.00078,"timestamp":1740818545789,"isBuyerMaker":true},{"id":"3458686705","price":85139.3,"qty":0.00993,"timestamp":1740818545882,"isBuyerMaker":true},{"id":"3458686706","price":85139.31,"qty":0.00016,"timestamp":1740818545972,"isBuyerMaker":false},{"id":"3458686707","price":85139.3,"qty":0.004,"timestamp":1740818546058,"isBuyerMaker":true},{"id":"3458686708","price":85139.3,"qty":0.079,"timestamp":1740818546058,"isBuyerMaker":true},{"id":"3458686709","price":85139.3,"qty":0.002,"timestamp":1740818546058,"isBuyerMaker":true},{"id":"3458686710","price":85139.3,"qty":0.009,"timestamp":1740818546060,"isBuyerMaker":true},{"id":"3458686711","price":85139.31,"qty":0.00914,"timestamp":1740818546237,"isBuyerMaker":false},{"id":"3458686712","price":85139.31,"qty":0.0015,"timestamp":1740818546260,"isBuyerMaker":false},{"id":"3458686713","price":85139.31,"qty":0.02183,"timestamp":1740818547023,"isBuyerMaker":false},{"id":"3458686714","price":85139.31,"qty":0.0015,"timestamp":1740818547246,"isBuyerMaker":false},{"id":"3458686715","price":85139.31,"qty":0.00587,"timestamp":1740818547720,"isBuyerMaker":false},{"id":"3458686716","price":85139.31,"qty":0.00584,"timestamp":1740818547782,"isBuyerMaker":false},{"id":"3458686717","price":85139.31,"qty":0.05848,"timestamp":1740818548098,"isBuyerMaker":false},{"id":"3458686718","price":85139.3,"qty":0.00008,"timestamp":1740818548108,"isBuyerMaker":true},{"id":"3458686719","price":85139.31,"qty":0.00079,"timestamp":1740818548211,"isBuyerMaker":false},{"id":"3458686720","price":85139.3,"qty":0.00021,"timestamp":1740818548930,"isBuyerMaker":true},{"id":"3458686721","price":85139.31,"qty":0.00064,"timestamp":1740818549609,"isBuyerMaker":false},{"id":"3458686722","price":85139.3,"qty":0.00071,"timestamp":1740818549708,"isBuyerMaker":true},{"id":"3458686723","price":85139.3,"qty":0.00067,"timestamp":1740818549807,"isBuyerMaker":true},{"id":"3458686724","price":85139.31,"qty":0.00103,"timestamp":1740818549920,"isBuyerMaker":false},{"id":"3458686725","price":85139.31,"qty":0.00017,"timestamp":1740818549991,"isBuyerMaker":false}],"recent":[{"id":"3458686726","price":85139.31,"qty":0.0068,"timestamp":1740818550468,"isBuyerMaker":false},{"id":"3458686727","price":85139.31,"qty":0.00011,"timestamp":1740818551022,"isBuyerMaker":false},{"id":"3458686728","price":85139.3,"qty":0.00238,"timestamp":1740818551047,"isBuyerMaker":true},{"id":"3458686729","price":85139.31,"qty":0.00006,"timestamp":1740818551866,"isBuyerMaker":false},{"id":"3458686730","price":85139.3,"qty":0.0119,"timestamp":1740818551917,"isBuyerMaker":true},{"id":"3458686731","price":85139.31,"qty":0.00017,"timestamp":1740818552052,"isBuyerMaker":false},{"id":"3458686732","price":85139.3,"qty":0.01119,"timestamp":1740818552053,"isBuyerMaker":true},{"id":"3458686733","price":85139.29,"qty":0.00069,"timestamp":1740818552053,"isBuyerMaker":true},{"id":"3458686734","price":85139.28,"qty":0.00014,"timestamp":1740818552053,"isBuyerMaker":true},{"id":"3458686735","price":85139.27,"qty":0.00014,"timestamp":1740818552053,"isBuyerMaker":true},{"id":"3458686736","price":85139.26,"qty":0.00014,"timestamp":1740818552053,"isBuyerMaker":true},{"id":"3458686737","price":85139.24,"qty":0.00014,"timestamp":1740818552053,"isBuyerMaker":true},{"id":"3458686738","price":85139.16,"qty":0.00014,"timestamp":1740818552053,"isBuyerMaker":true},{"id":"3458686739","price":85139.09,"qty":0.00014,"timestamp":1740818552053,"isBuyerMaker":true},{"id":"3458686740","price":85139.07,"qty":0.00014,"timestamp":1740818552053,"isBuyerMaker":true},{"id":"3458686741","price":85139.06,"qty":0.00014,"timestamp":1740818552053,"isBuyerMaker":true},{"id":"3458686742","price":85139.05,"qty":0.00014,"timestamp":1740818552053,"isBuyerMaker":true},{"id":"3458686743","price":85139.04,"qty":0.00014,"timestamp":1740818552053,"isBuyerMaker":true},{"id":"3458686744","price":85139.03,"qty":0.00619,"timestamp":1740818552053,"isBuyerMaker":true},{"id":"3458686745","price":85139.02,"qty":0.00014,"timestamp":1740818552053,"isBuyerMaker":true},{"id":"3458686746","price":85139.01,"qty":0.00014,"timestamp":1740818552053,"isBuyerMaker":true},{"id":"3458686747","price":85138.62,"qty":0.00006,"timestamp":1740818552053,"isBuyerMaker":true},{"id":"3458686748","price":85138.33,"qty":0.00666,"timestamp":1740818552053,"isBuyerMaker":true},{"id":"3458686749","price":85138.32,"qty":0.00202,"timestamp":1740818552053,"isBuyerMaker":true},{"id":"3458686750","price":85138,"qty":0.00035,"timestamp":1740818552053,"isBuyerMaker":true},{"id":"3458686751","price":85137.99,"qty":0.0237,"timestamp":1740818552053,"isBuyerMaker":true},{"id":"3458686752","price":85137.98,"qty":0.01409,"timestamp":1740818552053,"isBuyerMaker":true},{"id":"3458686753","price":85137.77,"qty":0.00006,"timestamp":1740818552053,"isBuyerMaker":true},{"id":"3458686754","price":85137.04,"qty":0.00033,"timestamp":1740818552053,"isBuyerMaker":true},{"id":"3458686755","price":85136.92,"qty":0.00006,"timestamp":1740818552053,"isBuyerMaker":true},{"id":"3458686756","price":85136.11,"qty":0.00011,"timestamp":1740818552053,"isBuyerMaker":true},{"id":"3458686757","price":85136.03,"qty":0.00035,"timestamp":1740818552053,"isBuyerMaker":true},{"id":"3458686758","price":85136.02,"qty":0.01456,"timestamp":1740818552053,"isBuyerMaker":true},{"id":"3458686759","price":85136.02,"qty":0.00018,"timestamp":1740818552117,"isBuyerMaker":true},{"id":"3458686760","price":85136.02,"qty":0.08107,"timestamp":1740818552128,"isBuyerMaker":true},{"id":"3458686761","price":85136.02,"qty":0.05376,"timestamp":1740818552363,"isBuyerMaker":true},{"id":"3458686762","price":85136.01,"qty":0.00067,"timestamp":1740818552363,"isBuyerMaker":true},{"id":"3458686763","price":85136,"qty":0.00014,"timestamp":1740818552363,"isBuyerMaker":true},{"id":"3458686764","price":85135.68,"qty":0.00022,"timestamp":1740818552363,"isBuyerMaker":true},{"id":"3458686765","price":85135.38,"qty":0.00014,"timestamp":1740818552363,"isBuyerMaker":true},{"id":"3458686766","price":85135.37,"qty":0.00014,"timestamp":1740818552363,"isBuyerMaker":true},{"id":"3458686767","price":85134.78,"qty":0.00047,"timestamp":1740818552363,"isBuyerMaker":true},{"id":"3458686768","price":85134.66,"qty":0.00014,"timestamp":1740818552363,"isBuyerMaker":true},{"id":"3458686769","price":85134.65,"qty":0.00014,"timestamp":1740818552363,"isBuyerMaker":true},{"id":"3458686770","price":85134.48,"qty":0.00014,"timestamp":1740818552363,"isBuyerMaker":true},{"id":"3458686771","price":85134.01,"qty":0.00014,"timestamp":1740818552363,"isBuyerMaker":true},{"id":"3458686772","price":85134,"qty":0.00026,"timestamp":1740818552363,"isBuyerMaker":true},{"id":"3458686773","price":85133.8,"qty":0.00014,"timestamp":1740818552363,"isBuyerMaker":true},{"id":"3458686774","price":85133.79,"qty":0.00014,"timestamp":1740818552363,"isBuyerMaker":true},{"id":"3458686775","price":85133.64,"qty":0.00014,"timestamp":1740818552363,"isBuyerMaker":true},{"id":"3458686776","price":85132.15,"qty":0.00006,"timestamp":1740818552363,"isBuyerMaker":true},{"id":"3458686777","price":85132.01,"qty":0.00021,"timestamp":1740818552363,"isBuyerMaker":true},{"id":"3458686778","price":85132,"qty":0.0144,"timestamp":1740818552363,"isBuyerMaker":true},{"id":"3458686779","price":85131.28,"qty":0.00021,"timestamp":1740818552363,"isBuyerMaker":true},{"id":"3458686780","price":85131.25,"qty":0.00021,"timestamp":1740818552363,"isBuyerMaker":true},{"id":"3458686781","price":85131.24,"qty":0.01006,"timestamp":1740818552363,"isBuyerMaker":true},{"id":"3458686782","price":85130.99,"qty":0.00039,"timestamp":1740818552363,"isBuyerMaker":true},{"id":"3458686783","price":85130.98,"qty":0.1575,"timestamp":1740818552363,"isBuyerMaker":true},{"id":"3458686784","price":85130.95,"qty":0.00022,"timestamp":1740818552363,"isBuyerMaker":true},{"id":"3458686785","price":85130.93,"qty":0.00016,"timestamp":1740818552542,"isBuyerMaker":false},{"id":"3458686786","price":85130.93,"qty":0.00016,"timestamp":1740818552546,"isBuyerMaker":false},{"id":"3458686787","price":85130.93,"qty":0.00016,"timestamp":1740818552549,"isBuyerMaker":false},{"id":"3458686788","price":85130.93,"qty":0.00016,"timestamp":1740818552554,"isBuyerMaker":false},{"id":"3458686789","price":85130.93,"qty":0.00016,"timestamp":1740818552555,"isBuyerMaker":false},{"id":"3458686790","price":85130.93,"qty":0.00016,"timestamp":1740818552565,"isBuyerMaker":false},{"id":"3458686791","price":85130.93,"qty":0.00016,"timestamp":1740818552569,"isBuyerMaker":false},{"id":"3458686792","price":85130.93,"qty":0.00016,"timestamp":1740818552574,"isBuyerMaker":false},{"id":"3458686793","price":85130.93,"qty":0.00016,"timestamp":1740818552576,"isBuyerMaker":false},{"id":"3458686794","price":85130.93,"qty":0.00015,"timestamp":1740818552578,"isBuyerMaker":false},{"id":"3458686795","price":85130.93,"qty":0.00016,"timestamp":1740818552578,"isBuyerMaker":false},{"id":"3458686796","price":85130.93,"qty":0.00016,"timestamp":1740818552584,"isBuyerMaker":false},{"id":"3458686797","price":85130.93,"qty":0.00015,"timestamp":1740818552587,"isBuyerMaker":false},{"id":"3458686798","price":85130.93,"qty":0.00016,"timestamp":1740818552588,"isBuyerMaker":false},{"id":"3458686799","price":85130.93,"qty":0.00015,"timestamp":1740818552589,"isBuyerMaker":false},{"id":"3458686800","price":85130.93,"qty":0.00016,"timestamp":1740818552589,"isBuyerMaker":false},{"id":"3458686801","price":85130.93,"qty":0.00016,"timestamp":1740818552590,"isBuyerMaker":false},{"id":"3458686802","price":85130.93,"qty":0.00016,"timestamp":1740818552591,"isBuyerMaker":false},{"id":"3458686803","price":85130.93,"qty":0.00016,"timestamp":1740818552591,"isBuyerMaker":false},{"id":"3458686804","price":85130.93,"qty":0.00016,"timestamp":1740818552602,"isBuyerMaker":false},{"id":"3458686805","price":85130.93,"qty":0.00016,"timestamp":1740818552606,"isBuyerMaker":false},{"id":"3458686806","price":85130.93,"qty":0.00016,"timestamp":1740818552608,"isBuyerMaker":false},{"id":"3458686807","price":85130.93,"qty":0.00016,"timestamp":1740818552608,"isBuyerMaker":false},{"id":"3458686808","price":85130.93,"qty":0.00016,"timestamp":1740818552611,"isBuyerMaker":false},{"id":"3458686809","price":85130.93,"qty":0.00016,"timestamp":1740818552614,"isBuyerMaker":false},{"id":"3458686810","price":85130.93,"qty":0.00016,"timestamp":1740818552615,"isBuyerMaker":false},{"id":"3458686811","price":85130.93,"qty":0.00015,"timestamp":1740818552617,"isBuyerMaker":false},{"id":"3458686812","price":85130.93,"qty":0.00016,"timestamp":1740818552619,"isBuyerMaker":false},{"id":"3458686813","price":85130.92,"qty":0.00184,"timestamp":1740818552689,"isBuyerMaker":true},{"id":"3458686814","price":85130.92,"qty":0.00244,"timestamp":1740818552743,"isBuyerMaker":true},{"id":"3458686815","price":85130.92,"qty":0.03583,"timestamp":1740818553037,"isBuyerMaker":true},{"id":"3458686816","price":85130.91,"qty":0.00014,"timestamp":1740818553037,"isBuyerMaker":true},{"id":"3458686817","price":85130.83,"qty":0.00074,"timestamp":1740818553037,"isBuyerMaker":true},{"id":"3458686818","price":85130.82,"qty":0.00014,"timestamp":1740818553037,"isBuyerMaker":true},{"id":"3458686819","price":85130.1,"qty":0.00014,"timestamp":1740818553037,"isBuyerMaker":true},{"id":"3458686820","price":85130.01,"qty":0.00014,"timestamp":1740818553037,"isBuyerMaker":true},{"id":"3458686821","price":85130,"qty":0.00014,"timestamp":1740818553037,"isBuyerMaker":true},{"id":"3458686822","price":85129.93,"qty":0.00033,"timestamp":1740818553037,"isBuyerMaker":true},{"id":"3458686823","price":85129.7,"qty":0.00014,"timestamp":1740818553037,"isBuyerMaker":true},{"id":"3458686824","price":85129.61,"qty":0.00014,"timestamp":1740818553037,"isBuyerMaker":true},{"id":"3458686825","price":85129.47,"qty":0.00052,"timestamp":1740818553037,"isBuyerMaker":true},{"id":"3458686826","price":85129.46,"qty":0.01394,"timestamp":1740818553037,"isBuyerMaker":true},{"id":"3458686827","price":85129.41,"qty":0.00014,"timestamp":1740818553037,"isBuyerMaker":true},{"id":"3458686828","price":85129.11,"qty":0.00014,"timestamp":1740818553037,"isBuyerMaker":true},{"id":"3458686829","price":85129.1,"qty":0.00014,"timestamp":1740818553037,"isBuyerMaker":true},{"id":"3458686830","price":85129.01,"qty":0.00013,"timestamp":1740818553037,"isBuyerMaker":true},{"id":"3458686831","price":85129,"qty":0.00007,"timestamp":1740818553037,"isBuyerMaker":true},{"id":"3458686832","price":85128.68,"qty":0.00015,"timestamp":1740818553037,"isBuyerMaker":true},{"id":"3458686833","price":85128.01,"qty":0.0003,"timestamp":1740818553037,"isBuyerMaker":true},{"id":"3458686834","price":85128,"qty":0.01359,"timestamp":1740818553037,"isBuyerMaker":true},{"id":"3458686835","price":85128,"qty":0.00316,"timestamp":1740818553037,"isBuyerMaker":true},{"id":"3458686836","price":85127.01,"qty":0.00009,"timestamp":1740818553037,"isBuyerMaker":true},{"id":"3458686837","price":85126.53,"qty":0.00023,"timestamp":1740818553037,"isBuyerMaker":true},{"id":"3458686838","price":85126.01,"qty":0.00021,"timestamp":1740818553037,"isBuyerMaker":true},{"id":"3458686839","price":85126,"qty":0.0144,"timestamp":1740818553037,"isBuyerMaker":true},{"id":"3458686840","price":85125.84,"qty":0.00042,"timestamp":1740818553037,"isBuyerMaker":true},{"id":"3458686841","price":85125.83,"qty":0.00849,"timestamp":1740818553037,"isBuyerMaker":true},{"id":"3458686842","price":85125.83,"qty":0.00364,"timestamp":1740818553158,"isBuyerMaker":true},{"id":"3458686843","price":85125.84,"qty":0.00683,"timestamp":1740818553253,"isBuyerMaker":false},{"id":"3458686844","price":85125.84,"qty":0.01173,"timestamp":1740818553344,"isBuyerMaker":false},{"id":"3458686845","price":85125.84,"qty":0.00142,"timestamp":1740818553398,"isBuyerMaker":false},{"id":"3458686846","price":85125.84,"qty":0.00012,"timestamp":1740818553581,"isBuyerMaker":false},{"id":"3458686847","price":85125.83,"qty":0.04,"timestamp":1740818554032,"isBuyerMaker":true},{"id":"3458686848","price":85125.83,"qty":0.054,"timestamp":1740818554032,"isBuyerMaker":true},{"id":"3458686849","price":85125.83,"qty":0.001,"timestamp":1740818554490,"isBuyerMaker":true},{"id":"3458686850","price":85125.83,"qty":0.01021,"timestamp":1740818554731,"isBuyerMaker":true},{"id":"3458686851","price":85125.83,"qty":0.02893,"timestamp":1740818554962,"isBuyerMaker":true},{"id":"3458686852","price":85125.74,"qty":0.00112,"timestamp":1740818554962,"isBuyerMaker":true},{"id":"3458686853","price":85125.67,"qty":0.00014,"timestamp":1740818554962,"isBuyerMaker":true},{"id":"3458686854","price":85125.66,"qty":0.00014,"timestamp":1740818554962,"isBuyerMaker":true},{"id":"3458686855","price":85125.59,"qty":0.00035,"timestamp":1740818554962,"isBuyerMaker":true},{"id":"3458686856","price":85125.49,"qty":0.00028,"timestamp":1740818554962,"isBuyerMaker":true},{"id":"3458686857","price":85125.48,"qty":0.00028,"timestamp":1740818554962,"isBuyerMaker":true},{"id":"3458686858","price":85125.47,"qty":0.00014,"timestamp":1740818554962,"isBuyerMaker":true},{"id":"3458686859","price":85125.41,"qty":0.00114,"timestamp":1740818554962,"isBuyerMaker":true},{"id":"3458686860","price":85125.29,"qty":0.00033,"timestamp":1740818554962,"isBuyerMaker":true},{"id":"3458686861","price":85125.23,"qty":0.00014,"timestamp":1740818554962,"isBuyerMaker":true},{"id":"3458686862","price":85125.09,"qty":0.00014,"timestamp":1740818554962,"isBuyerMaker":true},{"id":"3458686863","price":85125,"qty":0.00176,"timestamp":1740818554962,"isBuyerMaker":true},{"id":"3458686864","price":85124.91,"qty":0.00054,"timestamp":1740818554962,"isBuyerMaker":true},{"id":"3458686865","price":85124.82,"qty":0.00014,"timestamp":1740818554962,"isBuyerMaker":true},{"id":"3458686866","price":85124.15,"qty":0.00006,"timestamp":1740818554962,"isBuyerMaker":true},{"id":"3458686867","price":85124,"qty":0.00235,"timestamp":1740818554962,"isBuyerMaker":true},{"id":"3458686868","price":85123.19,"qty":0.05602,"timestamp":1740818554962,"isBuyerMaker":true},{"id":"3458686869","price":85123.19,"qty":0.00018,"timestamp":1740818554962,"isBuyerMaker":true},{"id":"3458686870","price":85123.19,"qty":0.15443,"timestamp":1740818555016,"isBuyerMaker":true},{"id":"3458686871","price":85123.01,"qty":0.00056,"timestamp":1740818555016,"isBuyerMaker":true},{"id":"3458686872","price":85123,"qty":0.00031,"timestamp":1740818555016,"isBuyerMaker":true},{"id":"3458686873","price":85122.99,"qty":0.00014,"timestamp":1740818555016,"isBuyerMaker":true},{"id":"3458686874","price":85122.97,"qty":0.00014,"timestamp":1740818555016,"isBuyerMaker":true},{"id":"3458686875","price":85122.95,"qty":0.00051,"timestamp":1740818555016,"isBuyerMaker":true},{"id":"3458686876","price":85122.01,"qty":0.00035,"timestamp":1740818555016,"isBuyerMaker":true},{"id":"3458686877","price":85122,"qty":0.04827,"timestamp":1740818555016,"isBuyerMaker":true},{"id":"3458686878","price":85121.95,"qty":0.00029,"timestamp":1740818555016,"isBuyerMaker":true},{"id":"3458686879","price":85121.8,"qty":0.00047,"timestamp":1740818555016,"isBuyerMaker":true},{"id":"3458686880","price":85121.56,"qty":0.00014,"timestamp":1740818555016,"isBuyerMaker":true},{"id":"3458686881","price":85121.43,"qty":0.00045,"timestamp":1740818555016,"isBuyerMaker":true},{"id":"3458686882","price":85121.3,"qty":0.00314,"timestamp":1740818555016,"isBuyerMaker":true},{"id":"3458686883","price":85120.99,"qty":0.00014,"timestamp":1740818555016,"isBuyerMaker":true},{"id":"3458686884","price":85120.89,"qty":0.00035,"timestamp":1740818555016,"isBuyerMaker":true},{"id":"3458686885","price":85120.88,"qty":0.094,"timestamp":1740818555051,"isBuyerMaker":true},{"id":"3458686886","price":85120.88,"qty":0.00823,"timestamp":1740818555122,"isBuyerMaker":true},{"id":"3458686887","price":85120.88,"qty":0.10929,"timestamp":1740818555140,"isBuyerMaker":true},{"id":"3458686888","price":85120.89,"qty":0.002,"timestamp":1740818555345,"isBuyerMaker":false},{"id":"3458686889","price":85120.88,"qty":0.00016,"timestamp":1740818555424,"isBuyerMaker":true},{"id":"3458686890","price":85120.88,"qty":0.0001,"timestamp":1740818555510,"isBuyerMaker":true},{"id":"3458686891","price":85120.89,"qty":0.00608,"timestamp":1740818555521,"isBuyerMaker":false},{"id":"3458686892","price":85120.89,"qty":0.00025,"timestamp":1740818555951,"isBuyerMaker":false},{"id":"3458686893","price":85120.88,"qty":0.02461,"timestamp":1740818556033,"isBuyerMaker":true},{"id":"3458686894","price":85120.45,"qty":0.0002,"timestamp":1740818556033,"isBuyerMaker":true},{"id":"3458686895","price":85120.24,"qty":0.00056,"timestamp":1740818556033,"isBuyerMaker":true},{"id":"3458686896","price":85120.16,"qty":0.00014,"timestamp":1740818556033,"isBuyerMaker":true},{"id":"3458686897","price":85120,"qty":0.00255,"timestamp":1740818556033,"isBuyerMaker":true},{"id":"3458686898","price":85119.85,"qty":0.00014,"timestamp":1740818556033,"isBuyerMaker":true},{"id":"3458686899","price":85119.82,"qty":0.00014,"timestamp":1740818556033,"isBuyerMaker":true},{"id":"3458686900","price":85119.81,"qty":0.00014,"timestamp":1740818556033,"isBuyerMaker":true},{"id":"3458686901","price":85119.8,"qty":0.00014,"timestamp":1740818556033,"isBuyerMaker":true},{"id":"3458686902","price":85119.77,"qty":0.00014,"timestamp":1740818556033,"isBuyerMaker":true},{"id":"3458686903","price":85119.47,"qty":0.00014,"timestamp":1740818556033,"isBuyerMaker":true},{"id":"3458686904","price":85119.44,"qty":0.00014,"timestamp":1740818556033,"isBuyerMaker":true},{"id":"3458686905","price":85119.37,"qty":0.00014,"timestamp":1740818556033,"isBuyerMaker":true},{"id":"3458686906","price":85119.36,"qty":0.00014,"timestamp":1740818556033,"isBuyerMaker":true},{"id":"3458686907","price":85119.31,"qty":0.00014,"timestamp":1740818556033,"isBuyerMaker":true},{"id":"3458686908","price":85118.94,"qty":0.00015,"timestamp":1740818556033,"isBuyerMaker":true},{"id":"3458686909","price":85118.86,"qty":0.00029,"timestamp":1740818556033,"isBuyerMaker":true},{"id":"3458686910","price":85118.85,"qty":0.0211,"timestamp":1740818556033,"isBuyerMaker":true},{"id":"3458686911","price":85118.85,"qty":0.04198,"timestamp":1740818556033,"isBuyerMaker":true},{"id":"3458686912","price":85118.69,"qty":0.00029,"timestamp":1740818556033,"isBuyerMaker":true},{"id":"3458686913","price":85118.03,"qty":0.00019,"timestamp":1740818556033,"isBuyerMaker":true},{"id":"3458686914","price":85117.78,"qty":0.00054,"timestamp":1740818556033,"isBuyerMaker":true},{"id":"3458686915","price":85117.78,"qty":0.02648,"timestamp":1740818556083,"isBuyerMaker":true},{"id":"3458686916","price":85117.71,"qty":0.00734,"timestamp":1740818556083,"isBuyerMaker":true},{"id":"3458686917","price":85116.84,"qty":0.00065,"timestamp":1740818556083,"isBuyerMaker":true},{"id":"3458686918","price":85116.47,"qty":0.00521,"timestamp":1740818556083,"isBuyerMaker":true},{"id":"3458686919","price":85116.02,"qty":0.00032,"timestamp":1740818556083,"isBuyerMaker":true},{"id":"3458686920","price":85116.01,"qty":0.00014,"timestamp":1740818556083,"isBuyerMaker":true},{"id":"3458686921","price":85116,"qty":0.00249,"timestamp":1740818556083,"isBuyerMaker":true},{"id":"3458686922","price":85115.84,"qty":0.0003,"timestamp":1740818556083,"isBuyerMaker":true},{"id":"3458686923","price":85115.79,"qty":0.00014,"timestamp":1740818556083,"isBuyerMaker":true},{"id":"3458686924","price":85115.78,"qty":0.00014,"timestamp":1740818556083,"isBuyerMaker":true},{"id":"3458686925","price":85115.66,"qty":0.00014,"timestamp":1740818556083,"isBuyerMaker":true},{"id":"3458686926","price":85115.59,"qty":0.00047,"timestamp":1740818556083,"isBuyerMaker":true},{"id":"3458686927","price":85115.04,"qty":0.00027,"timestamp":1740818556083,"isBuyerMaker":true},{"id":"3458686928","price":85115,"qty":0.00031,"timestamp":1740818556083,"isBuyerMaker":true},{"id":"3458686929","price":85114.92,"qty":0.00049,"timestamp":1740818556083,"isBuyerMaker":true},{"id":"3458686930","price":85114.39,"qty":0.00012,"timestamp":1740818556083,"isBuyerMaker":true},{"id":"3458686931","price":85114.36,"qty":0.00021,"timestamp":1740818556083,"isBuyerMaker":true},{"id":"3458686932","price":85114.35,"qty":0.04868,"timestamp":1740818556083,"isBuyerMaker":true},{"id":"3458686933","price":85114.35,"qty":0.0001,"timestamp":1740818556084,"isBuyerMaker":true},{"id":"3458686934","price":85114.35,"qty":0.11753,"timestamp":1740818556279,"isBuyerMaker":true},{"id":"3458686935","price":85114.35,"qty":0.094,"timestamp":1740818557036,"isBuyerMaker":true},{"id":"3458686936","price":85114.36,"qty":0.0006,"timestamp":1740818557134,"isBuyerMaker":false},{"id":"3458686937","price":85114.35,"qty":0.04819,"timestamp":1740818557290,"isBuyerMaker":true},{"id":"3458686938","price":85114.35,"qty":0.0323,"timestamp":1740818557401,"isBuyerMaker":true},{"id":"3458686939","price":85114.35,"qty":0.0002,"timestamp":1740818557411,"isBuyerMaker":true},{"id":"3458686940","price":85114.35,"qty":0.0001,"timestamp":1740818557460,"isBuyerMaker":true},{"id":"3458686941","price":85114.35,"qty":0.002,"timestamp":1740818557467,"isBuyerMaker":true},{"id":"3458686942","price":85114.35,"qty":0.0085,"timestamp":1740818557552,"isBuyerMaker":true},{"id":"3458686943","price":85114.35,"qty":0.0002,"timestamp":1740818557662,"isBuyerMaker":true},{"id":"3458686944","price":85114.35,"qty":0.0507,"timestamp":1740818557909,"isBuyerMaker":true},{"id":"3458686945","price":85114.35,"qty":0.01003,"timestamp":1740818557953,"isBuyerMaker":true},{"id":"3458686946","price":85114.32,"qty":0.0005,"timestamp":1740818557953,"isBuyerMaker":true},{"id":"3458686947","price":85114.29,"qty":0.00014,"timestamp":1740818557953,"isBuyerMaker":true},{"id":"3458686948","price":85114.28,"qty":0.00014,"timestamp":1740818557953,"isBuyerMaker":true},{"id":"3458686949","price":85114.26,"qty":0.00068,"timestamp":1740818557953,"isBuyerMaker":true},{"id":"3458686950","price":85114.25,"qty":0.00014,"timestamp":1740818557953,"isBuyerMaker":true},{"id":"3458686951","price":85114.24,"qty":0.00014,"timestamp":1740818557953,"isBuyerMaker":true},{"id":"3458686952","price":85114.2,"qty":0.00014,"timestamp":1740818557953,"isBuyerMaker":true},{"id":"3458686953","price":85114.19,"qty":0.00014,"timestamp":1740818557953,"isBuyerMaker":true},{"id":"3458686954","price":85114.18,"qty":0.00014,"timestamp":1740818557953,"isBuyerMaker":true},{"id":"3458686955","price":85114.17,"qty":0.00014,"timestamp":1740818557953,"isBuyerMaker":true},{"id":"3458686956","price":85114.16,"qty":0.00014,"timestamp":1740818557953,"isBuyerMaker":true},{"id":"3458686957","price":85114.09,"qty":0.00014,"timestamp":1740818557953,"isBuyerMaker":true},{"id":"3458686958","price":85114.08,"qty":0.00014,"timestamp":1740818557953,"isBuyerMaker":true},{"id":"3458686959","price":85113.93,"qty":0.00022,"timestamp":1740818557953,"isBuyerMaker":true},{"id":"3458686960","price":85113.21,"qty":0.00047,"timestamp":1740818557954,"isBuyerMaker":true},{"id":"3458686961","price":85113.2,"qty":0.28337,"timestamp":1740818557954,"isBuyerMaker":true},{"id":"3458686962","price":85112.96,"qty":0.00006,"timestamp":1740818557954,"isBuyerMaker":true},{"id":"3458686963","price":85112.96,"qty":0.00007,"timestamp":1740818557955,"isBuyerMaker":true},{"id":"3458686964","price":85112.8,"qty":0.001,"timestamp":1740818557955,"isBuyerMaker":true},{"id":"3458686965","price":85112.69,"qty":0.00015,"timestamp":1740818557955,"isBuyerMaker":true},{"id":"3458686966","price":85112.68,"qty":0.02349,"timestamp":1740818557955,"isBuyerMaker":true},{"id":"3458686967","price":85112.41,"qty":0.00031,"timestamp":1740818557955,"isBuyerMaker":true},{"id":"3458686968","price":85112.15,"qty":0.00006,"timestamp":1740818557955,"isBuyerMaker":true},{"id":"3458686969","price":85112.05,"qty":0.00558,"timestamp":1740818557955,"isBuyerMaker":true},{"id":"3458686970","price":85112,"qty":0.00235,"timestamp":1740818557955,"isBuyerMaker":true},{"id":"3458686971","price":85111.62,"qty":0.0001,"timestamp":1740818557955,"isBuyerMaker":true},{"id":"3458686972","price":85111.11,"qty":0.00007,"timestamp":1740818557955,"isBuyerMaker":true},{"id":"3458686973","price":85111.01,"qty":0.00037,"timestamp":1740818557955,"isBuyerMaker":true},{"id":"3458686974","price":85111,"qty":0.1,"timestamp":1740818557955,"isBuyerMaker":true},{"id":"3458686975","price":85110.8,"qty":0.00021,"timestamp":1740818557955,"isBuyerMaker":true},{"id":"3458686976","price":85110.79,"qty":0.29606,"timestamp":1740818557955,"isBuyerMaker":true},{"id":"3458686977","price":85110.73,"qty":0.00029,"timestamp":1740818557955,"isBuyerMaker":true},{"id":"3458686978","price":85110.46,"qty":0.003,"timestamp":1740818557955,"isBuyerMaker":true},{"id":"3458686979","price":85109.82,"qty":0.00006,"timestamp":1740818557955,"isBuyerMaker":true},{"id":"3458686980","price":85109.25,"qty":0.094,"timestamp":1740818558047,"isBuyerMaker":true},{"id":"3458686981","price":85109.25,"qty":0.00122,"timestamp":1740818558080,"isBuyerMaker":true},{"id":"3458686982","price":85109.16,"qty":0.00171,"timestamp":1740818558080,"isBuyerMaker":true},{"id":"3458686983","price":85108.38,"qty":0.00014,"timestamp":1740818558080,"isBuyerMaker":true},{"id":"3458686984","price":85108.31,"qty":0.00065,"timestamp":1740818558080,"isBuyerMaker":true},{"id":"3458686985","price":85108.02,"qty":0.00014,"timestamp":1740818558080,"isBuyerMaker":true},{"id":"3458686986","price":85108.01,"qty":0.00053,"timestamp":1740818558080,"isBuyerMaker":true},{"id":"3458686987","price":85108,"qty":0.08961,"timestamp":1740818558080,"isBuyerMaker":true},{"id":"3458686988","price":85108,"qty":0.06935,"timestamp":1740818558162,"isBuyerMaker":true},{"id":"3458686989","price":85108.01,"qty":0.00232,"timestamp":1740818558300,"isBuyerMaker":false},{"id":"3458686990","price":85108,"qty":0.00323,"timestamp":1740818558393,"isBuyerMaker":true},{"id":"3458686991","price":85107.91,"qty":0.00067,"timestamp":1740818558393,"isBuyerMaker":true},{"id":"3458686992","price":85107.63,"qty":0.00014,"timestamp":1740818558393,"isBuyerMaker":true},{"id":"3458686993","price":85107.49,"qty":0.00006,"timestamp":1740818558393,"isBuyerMaker":true},{"id":"3458686994","price":85107.49,"qty":0.00008,"timestamp":1740818558393,"isBuyerMaker":true},{"id":"3458686995","price":85107.29,"qty":0.00202,"timestamp":1740818558569,"isBuyerMaker":false},{"id":"3458686996","price":85107.28,"qty":0.00006,"timestamp":1740818558622,"isBuyerMaker":true},{"id":"3458686997","price":85107.28,"qty":0.0015,"timestamp":1740818558735,"isBuyerMaker":true},{"id":"3458686998","price":85107.19,"qty":0.0007,"timestamp":1740818558735,"isBuyerMaker":true},{"id":"3458686999","price":85107.09,"qty":0.00014,"timestamp":1740818558735,"isBuyerMaker":true},{"id":"3458687000","price":85107,"qty":0.00028,"timestamp":1740818558735,"isBuyerMaker":true},{"id":"3458687001","price":85106.81,"qty":0.0005,"timestamp":1740818558735,"isBuyerMaker":true},{"id":"3458687002","price":85106.8,"qty":0.00014,"timestamp":1740818558735,"isBuyerMaker":true},{"id":"3458687003","price":85106.64,"qty":0.00014,"timestamp":1740818558735,"isBuyerMaker":true},{"id":"3458687004","price":85106.61,"qty":0.00014,"timestamp":1740818558735,"isBuyerMaker":true},{"id":"3458687005","price":85106.4,"qty":0.00114,"timestamp":1740818558735,"isBuyerMaker":true},{"id":"3458687006","price":85106.07,"qty":0.00168,"timestamp":1740818558735,"isBuyerMaker":true},{"id":"3458687007","price":85106.07,"qty":0.00146,"timestamp":1740818558736,"isBuyerMaker":true},{"id":"3458687008","price":85105.56,"qty":0.00025,"timestamp":1740818558736,"isBuyerMaker":true},{"id":"3458687009","price":85105.55,"qty":0.00014,"timestamp":1740818558736,"isBuyerMaker":true},{"id":"3458687010","price":85105.01,"qty":0.00022,"timestamp":1740818558736,"isBuyerMaker":true},{"id":"3458687011","price":85104.86,"qty":0.00046,"timestamp":1740818558736,"isBuyerMaker":true},{"id":"3458687012","price":85104.83,"qty":0.00003,"timestamp":1740818558736,"isBuyerMaker":true},{"id":"3458687013","price":85104.84,"qty":0.00031,"timestamp":1740818558905,"isBuyerMaker":false},{"id":"3458687014","price":85104.83,"qty":0.00409,"timestamp":1740818558985,"isBuyerMaker":true},{"id":"3458687015","price":85104.82,"qty":0.00014,"timestamp":1740818558985,"isBuyerMaker":true},{"id":"3458687016","price":85104.75,"qty":0.00072,"timestamp":1740818558985,"isBuyerMaker":true},{"id":"3458687017","price":85104.74,"qty":0.00014,"timestamp":1740818558985,"isBuyerMaker":true},{"id":"3458687018","price":85104.15,"qty":0.00036,"timestamp":1740818558988,"isBuyerMaker":true},{"id":"3458687019","price":85104,"qty":0.00388,"timestamp":1740818559003,"isBuyerMaker":true},{"id":"3458687020","price":85103.92,"qty":0.00052,"timestamp":1740818559003,"isBuyerMaker":true},{"id":"3458687021","price":85103.64,"qty":0.00014,"timestamp":1740818559003,"isBuyerMaker":true},{"id":"3458687022","price":85103.01,"qty":0.00041,"timestamp":1740818559003,"isBuyerMaker":true},{"id":"3458687023","price":85102.71,"qty":0.00052,"timestamp":1740818559003,"isBuyerMaker":true},{"id":"3458687024","price":85102.7,"qty":0.02285,"timestamp":1740818559003,"isBuyerMaker":true},{"id":"3458687025","price":85102.64,"qty":0.00032,"timestamp":1740818559003,"isBuyerMaker":true}]}