{"label":"spike_1_vol_count","ts_ms":1740812760000,"historical":[{"id":"3458585417","price":85004.52,"qty":0.00229,"timestamp":1740812727701,"isBuyerMaker":false},{"id":"3458585418","price":85004.52,"qty":0.00229,"timestamp":1740812727701,"isBuyerMaker":false},{"id":"3458585419","price":85004.52,"qty":0.00229,"timestamp":1740812727702,"isBuyerMaker":false},{"id":"3458585420","price":85004.52,"qty":0.00229,"timestamp":1740812727702,"isBuyerMaker":false},{"id":"3458585421","price":85004.52,"qty":0.00091,"timestamp":1740812727718,"isBuyerMaker":false},{"id":"3458585422","price":85004.52,"qty":0.00034,"timestamp":1740812727718,"isBuyerMaker":false},{"id":"3458585423","price":85004.52,"qty":0.00168,"timestamp":1740812727719,"isBuyerMaker":false},{"id":"3458585424","price":85004.52,"qty":0.00183,"timestamp":1740812727721,"isBuyerMaker":false},{"id":"3458585425","price":85004.52,"qty":0.00061,"timestamp":1740812727721,"isBuyerMaker":false},{"id":"3458585426","price":85004.52,"qty":0.00103,"timestamp":1740812727722,"isBuyerMaker":false},{"id":"3458585427","price":85004.52,"qty":0.00061,"timestamp":1740812727727,"isBuyerMaker":false},{"id":"3458585428","price":85004.52,"qty":0.00061,"timestamp":1740812727728,"isBuyerMaker":false},{"id":"3458585429","price":85004.52,"qty":0.00061,"timestamp":1740812727731,"isBuyerMaker":false},{"id":"3458585430","price":85004.52,"qty":0.00166,"timestamp":1740812728026,"isBuyerMaker":false},{"id":"3458585431","price":85004.52,"qty":0.046,"timestamp":1740812728146,"isBuyerMaker":false},{"id":"3458585432","price":85004.52,"qty":0.00569,"timestamp":1740812728150,"isBuyerMaker":false},{"id":"3458585433","price":85004.53,"qty":0.00014,"timestamp":1740812728150,"isBuyerMaker":false},{"id":"3458585434","price":85004.54,"qty":0.00042,"timestamp":1740812728150,"isBuyerMaker":false},{"id":"3458585435","price":85004.55,"qty":0.00014,"timestamp":1740812728150,"isBuyerMaker":false},{"id":"3458585436","price":85004.58,"qty":0.00029,"timestamp":1740812728150,"isBuyerMaker":false},{"id":"3458585437","price":85004.72,"qty":0.00824,"timestamp":1740812728167,"isBuyerMaker":false},{"id":"3458585438","price":85004.72,"qty":0.02707,"timestamp":1740812728168,"isBuyerMaker":false},{"id":"3458585439","price":85004.72,"qty":0.00068,"timestamp":1740812728173,"isBuyerMaker":false},{"id":"3458585440","price":85004.73,"qty":0.00014,"timestamp":1740812728173,"isBuyerMaker":false},{"id":"3458585441","price":85004.74,"qty":0.00046,"timestamp":1740812728173,"isBuyerMaker":false},{"id":"3458585442","price":85004.75,"qty":0.00014,"timestamp":1740812728173,"isBuyerMaker":false},{"id":"3458585443","price":85004.92,"qty":0.0001,"timestamp":1740812728173,"isBuyerMaker":false},{"id":"3458585444","price":85004.92,"qty":0.00014,"timestamp":1740812728187,"isBuyerMaker":false},{"id":"3458585445","price":85004.92,"qty":0.00102,"timestamp":1740812728191,"isBuyerMaker":false},{"id":"3458585446","price":85004.93,"qty":0.0003,"timestamp":1740812728191,"isBuyerMaker":false},{"id":"3458585447","price":85005.23,"qty":0.0002,"timestamp":1740812728191,"isBuyerMaker":false},{"id":"3458585448","price":85005.4,"qty":0.00014,"timestamp":1740812728191,"isBuyerMaker":false},{"id":"3458585449","price":85005.46,"qty":0.00014,"timestamp":1740812728191,"isBuyerMaker":false},{"id":"3458585450","price":85005.47,"qty":0.00014,"timestamp":1740812728191,"isBuyerMaker":false},{"id":"3458585451","price":85005.48,"qty":0.00014,"timestamp":1740812728191,"isBuyerMaker":false},{"id":"3458585452","price":85006,"qty":0.00051,"timestamp":1740812728191,"isBuyerMaker":false},{"id":"3458585453","price":85006.01,"qty":0.02378,"timestamp":1740812728191,"isBuyerMaker":false},{"id":"3458585454","price":85006.08,"qty":0.0002,"timestamp":1740812728191,"isBuyerMaker":false},{"id":"3458585455","price":85007.8,"qty":0.00014,"timestamp":1740812728191,"isBuyerMaker":false},{"id":"3458585456","price":85007.96,"qty":0.01486,"timestamp":1740812728191,"isBuyerMaker":false},{"id":"3458585457","price":85008.3,"qty":0.00165,"timestamp":1740812728191,"isBuyerMaker":false},{"id":"3458585458","price":85008.3,"qty":0.00937,"timestamp":1740812728209,"isBuyerMaker":false},{"id":"3458585459","price":85008.3,"qty":0.02412,"timestamp":1740812728217,"isBuyerMaker":false},{"id":"3458585460","price":85008.31,"qty":0.00031,"timestamp":1740812728217,"isBuyerMaker":false},{"id":"3458585461","price":85008.39,"qty":0.00032,"timestamp":1740812728217,"isBuyerMaker":false},{"id":"3458585462","price":85008.63,"qty":0.0002,"timestamp":1740812728217,"isBuyerMaker":false},{"id":"3458585463","price":85009.37,"qty":0.00014,"timestamp":1740812728217,"isBuyerMaker":false},{"id":"3458585464","price":85009.48,"qty":0.0002,"timestamp":1740812728217,"isBuyerMaker":false},{"id":"3458585465","price":85009.79,"qty":0.00635,"timestamp":1740812728217,"isBuyerMaker":false},{"id":"3458585466","price":85009.79,"qty":0.00393,"timestamp":1740812728218,"isBuyerMaker":false},{"id":"3458585467","price":85009.94,"qty":0.00014,"timestamp":1740812728218,"isBuyerMaker":false},{"id":"3458585468","price":85010,"qty":0.00014,"timestamp":1740812728218,"isBuyerMaker":false},{"id":"3458585469","price":85010.32,"qty":0.0002,"timestamp":1740812728218,"isBuyerMaker":false},{"id":"3458585470","price":85010.56,"qty":0.00014,"timestamp":1740812728218,"isBuyerMaker":false},{"id":"3458585471","price":85011.09,"qty":0.0003,"timestamp":1740812728218,"isBuyerMaker":false},{"id":"3458585472","price":85011.1,"qty":0.00026,"timestamp":1740812728218,"isBuyerMaker":false},{"id":"3458585473","price":85011.18,"qty":0.01024,"timestamp":1740812728218,"isBuyerMaker":false},{"id":"3458585474","price":85011.8,"qty":0.00014,"timestamp":1740812728218,"isBuyerMaker":false},{"id":"3458585475","price":85012,"qty":0.00223,"timestamp":1740812728218,"isBuyerMaker":false},{"id":"3458585476","price":85012,"qty":0.029,"timestamp":1740812728234,"isBuyerMaker":false},{"id":"3458585477","price":85011.99,"qty":0.29421,"timestamp":1740812728284,"isBuyerMaker":true},{"id":"3458585478","price":85012,"qty":0.01798,"timestamp":1740812728351,"isBuyerMaker":false},{"id":"3458585479","price":85012,"qty":0.01348,"timestamp":1740812728356,"isBuyerMaker":false},{"id":"3458585480","price":85012,"qty":0.0162,"timestamp":1740812728360,"isBuyerMaker":false},{"id":"3458585481","price":85012,"qty":0.2779,"timestamp":1740812728371,"isBuyerMaker":false},{"id":"3458585482","price":85012,"qty":0.00151,"timestamp":1740812728502,"isBuyerMaker":false},{"id":"3458585483","price":85011.99,"qty":0.00477,"timestamp":1740812728705,"isBuyerMaker":true},{"id":"3458585484","price":85011.99,"qty":0.0031,"timestamp":1740812728709,"isBuyerMaker":true},{"id":"3458585485","price":85012,"qty":0.00797,"timestamp":1740812728765,"isBuyerMaker":false},{"id":"3458585486","price":85012,"qty":0.00018,"timestamp":1740812728793,"isBuyerMaker":false},{"id":"3458585487","price":85012,"qty":0.00149,"timestamp":1740812728802,"isBuyerMaker":false},{"id":"3458585488","price":85012.01,"qty":0.00032,"timestamp":1740812728802,"isBuyerMaker":false},{"id":"3458585489","price":85012.02,"qty":0.00042,"timestamp":1740812728802,"isBuyerMaker":false},{"id":"3458585490","price":85012.04,"qty":0.00014,"timestamp":1740812728802,"isBuyerMaker":false},{"id":"3458585491","price":85012.06,"qty":0.00029,"timestamp":1740812728802,"isBuyerMaker":false},{"id":"3458585492","price":85012.09,"qty":0.00014,"timestamp":1740812728802,"isBuyerMaker":false},{"id":"3458585493","price":85012.19,"qty":0.00014,"timestamp":1740812728802,"isBuyerMaker":false},{"id":"3458585494","price":85012.74,"qty":0.00014,"timestamp":1740812728802,"isBuyerMaker":false},{"id":"3458585495","price":85012.75,"qty":0.00014,"timestamp":1740812728802,"isBuyerMaker":false},{"id":"3458585496","price":85012.87,"qty":0.00014,"timestamp":1740812728802,"isBuyerMaker":false},{"id":"3458585497","price":85013.03,"qty":0.00014,"timestamp":1740812728802,"isBuyerMaker":false},{"id":"3458585498","price":85013.12,"qty":0.00035,"timestamp":1740812728802,"isBuyerMaker":false},{"id":"3458585499","price":85013.13,"qty":0.03177,"timestamp":1740812728802,"isBuyerMaker":false},{"id":"3458585500","price":85013.38,"qty":0.00055,"timestamp":1740812728802,"isBuyerMaker":false},{"id":"3458585501","price":85013.39,"qty":0.0072,"timestamp":1740812728802,"isBuyerMaker":false},{"id":"3458585502","price":85013.39,"qty":0.01706,"timestamp":1740812728816,"isBuyerMaker":false},{"id":"3458585503","price":85013.4,"qty":0.00001,"timestamp":1740812728816,"isBuyerMaker":false},{"id":"3458585504","price":85013.4,"qty":0.00098,"timestamp":1740812728828,"isBuyerMaker":false},{"id":"3458585505","price":85013.72,"qty":0.00014,"timestamp":1740812728828,"isBuyerMaker":false},{"id":"3458585506","price":85014.57,"qty":0.00014,"timestamp":1740812728829,"isBuyerMaker":false},{"id":"3458585507","price":85014.8,"qty":0.00014,"timestamp":1740812728829,"isBuyerMaker":false},{"id":"3458585508","price":85015.03,"qty":0.00044,"timestamp":1740812728829,"isBuyerMaker":false},{"id":"3458585509","price":85015.15,"qty":0.00014,"timestamp":1740812728829,"isBuyerMaker":false},{"id":"3458585510","price":85015.2,"qty":0.00032,"timestamp":1740812728829,"isBuyerMaker":false},{"id":"3458585511","price":85015.21,"qty":0.00014,"timestamp":1740812728829,"isBuyerMaker":false},{"id":"3458585512","price":85015.42,"qty":0.00014,"timestamp":1740812728829,"isBuyerMaker":false},{"id":"3458585513","price":85015.79,"qty":0.00035,"timestamp":1740812728829,"isBuyerMaker":false},{"id":"3458585514","price":85015.8,"qty":0.03177,"timestamp":1740812728829,"isBuyerMaker":false},{"id":"3458585515","price":85015.88,"qty":0.00002,"timestamp":1740812728829,"isBuyerMaker":false},{"id":"3458585516","price":85015.88,"qty":0.00012,"timestamp":1740812728835,"isBuyerMaker":false},{"id":"3458585517","price":85015.88,"qty":0.00072,"timestamp":1740812728836,"isBuyerMaker":false},{"id":"3458585518","price":85015.89,"qty":0.00013,"timestamp":1740812728836,"isBuyerMaker":false},{"id":"3458585519","price":85016,"qty":0.00021,"timestamp":1740812728836,"isBuyerMaker":false},{"id":"3458585520","price":85016.27,"qty":0.0002,"timestamp":1740812728846,"isBuyerMaker":false},{"id":"3458585521","price":85016.26,"qty":0.00282,"timestamp":1740812728878,"isBuyerMaker":true},{"id":"3458585522","price":85016.26,"qty":0.0011,"timestamp":1740812728977,"isBuyerMaker":true},{"id":"3458585523","price":85016.26,"qty":0.00249,"timestamp":1740812729020,"isBuyerMaker":true},{"id":"3458585524","price":85016.26,"qty":0.00538,"timestamp":1740812729094,"isBuyerMaker":true},{"id":"3458585525","price":85016.26,"qty":0.00432,"timestamp":1740812729102,"isBuyerMaker":true},{"id":"3458585526","price":85016.26,"qty":0.11764,"timestamp":1740812729184,"isBuyerMaker":true},{"id":"3458585527","price":85016.26,"qty":0.00645,"timestamp":1740812729196,"isBuyerMaker":true},{"id":"3458585528","price":85016.26,"qty":0.00351,"timestamp":1740812729217,"isBuyerMaker":true},{"id":"3458585529","price":85016.26,"qty":0.29418,"timestamp":1740812729280,"isBuyerMaker":true},{"id":"3458585530","price":85016.27,"qty":0.04708,"timestamp":1740812729411,"isBuyerMaker":false},{"id":"3458585531","price":85016.26,"qty":0.00248,"timestamp":1740812729412,"isBuyerMaker":true},{"id":"3458585532","price":85016.26,"qty":0.00248,"timestamp":1740812729553,"isBuyerMaker":true},{"id":"3458585533","price":85016.26,"qty":0.00248,"timestamp":1740812729588,"isBuyerMaker":true},{"id":"3458585534","price":85016.26,"qty":0.00141,"timestamp":1740812729596,"isBuyerMaker":true},{"id":"3458585535","price":85016.26,"qty":0.00216,"timestamp":1740812729647,"isBuyerMaker":true},{"id":"3458585536","price":85016.27,"qty":0.04708,"timestamp":1740812729676,"isBuyerMaker":false},{"id":"3458585537","price":85016.27,"qty":0.04708,"timestamp":1740812729942,"isBuyerMaker":false},{"id":"3458585538","price":85016.27,"qty":0.00012,"timestamp":1740812730095,"isBuyerMaker":false},{"id":"3458585539","price":85016.27,"qty":0.00094,"timestamp":1740812730096,"isBuyerMaker":false},{"id":"3458585540","price":85016.27,"qty":0.00176,"timestamp":1740812730097,"isBuyerMaker":false},{"id":"3458585541","price":85016.27,"qty":0.00176,"timestamp":1740812730097,"isBuyerMaker":false},{"id":"3458585542","price":85016.27,"qty":0.00063,"timestamp":1740812730098,"isBuyerMaker":false},{"id":"3458585543","price":85016.26,"qty":0.00076,"timestamp":1740812730114,"isBuyerMaker":true},{"id":"3458585544","price":85016.27,"qty":0.00073,"timestamp":1740812730194,"isBuyerMaker":false},{"id":"3458585545","price":85016.27,"qty":0.00116,"timestamp":1740812730298,"isBuyerMaker":false},{"id":"3458585546","price":85016.26,"qty":0.00117,"timestamp":1740812730552,"isBuyerMaker":true},{"id":"3458585547","price":85016.27,"qty":0.00019,"timestamp":1740812730721,"isBuyerMaker":false},{"id":"3458585548","price":85016.27,"qty":0.00019,"timestamp":1740812730733,"isBuyerMaker":false},{"id":"3458585549","price":85016.27,"qty":0.07148,"timestamp":1740812730773,"isBuyerMaker":false},{"id":"3458585550","price":85016.27,"qty":0.0161,"timestamp":1740812730831,"isBuyerMaker":false},{"id":"3458585551","price":85016.27,"qty":0.06524,"timestamp":1740812730836,"isBuyerMaker":false},{"id":"3458585552","price":85016.27,"qty":0.00366,"timestamp":1740812730842,"isBuyerMaker":false},{"id":"3458585553","price":85016.27,"qty":0.04708,"timestamp":1740812730842,"isBuyerMaker":false},{"id":"3458585554","price":85016.27,"qty":0.24332,"timestamp":1740812730891,"isBuyerMaker":false},{"id":"3458585555","price":85016.27,"qty":0.00019,"timestamp":1740812730902,"isBuyerMaker":false},{"id":"3458585556","price":85016.27,"qty":0.00019,"timestamp":1740812730996,"isBuyerMaker":false},{"id":"3458585557","price":85016.27,"qty":0.02394,"timestamp":1740812731027,"isBuyerMaker":false},{"id":"3458585558","price":85016.27,"qty":0.00019,"timestamp":1740812731046,"isBuyerMaker":false},{"id":"3458585559","price":85016.27,"qty":0.00019,"timestamp":1740812731117,"isBuyerMaker":false},{"id":"3458585560","price":85016.27,"qty":0.00019,"timestamp":1740812731123,"isBuyerMaker":false},{"id":"3458585561","price":85016.27,"qty":0.00019,"timestamp":1740812731213,"isBuyerMaker":false},{"id":"3458585562","price":85016.27,"qty":0.00019,"timestamp":1740812731243,"isBuyerMaker":false},{"id":"3458585563","price":85016.26,"qty":0.29418,"timestamp":1740812731284,"isBuyerMaker":true},{"id":"3458585564","price":85016.27,"qty":0.00019,"timestamp":1740812731431,"isBuyerMaker":false},{"id":"3458585565","price":85016.27,"qty":0.06293,"timestamp":1740812731482,"isBuyerMaker":false},{"id":"3458585566","price":85016.27,"qty":0.00019,"timestamp":1740812731572,"isBuyerMaker":false},{"id":"3458585567","price":85016.27,"qty":0.00019,"timestamp":1740812731610,"isBuyerMaker":false},{"id":"3458585568","price":85016.27,"qty":0.00019,"timestamp":1740812731612,"isBuyerMaker":false},{"id":"3458585569","price":85016.27,"qty":0.00019,"timestamp":1740812731664,"isBuyerMaker":false},{"id":"3458585570","price":85016.27,"qty":0.00174,"timestamp":1740812731858,"isBuyerMaker":false},{"id":"3458585571","price":85016.26,"qty":0.02466,"timestamp":1740812731861,"isBuyerMaker":true},{"id":"3458585572","price":85016.26,"qty":0.29418,"timestamp":1740812732280,"isBuyerMaker":true},{"id":"3458585573","price":85016.26,"qty":0.0027,"timestamp":1740812732792,"isBuyerMaker":true},{"id":"3458585574","price":85016.26,"qty":0.00024,"timestamp":1740812732916,"isBuyerMaker":true},{"id":"3458585575","price":85016.27,"qty":0.00019,"timestamp":1740812733184,"isBuyerMaker":false},{"id":"3458585576","price":85016.26,"qty":0.00162,"timestamp":1740812733516,"isBuyerMaker":true},{"id":"3458585577","price":85016.26,"qty":0.012,"timestamp":1740812733593,"isBuyerMaker":true},{"id":"3458585578","price":85016.26,"qty":0.03,"timestamp":1740812733947,"isBuyerMaker":true},{"id":"3458585579","price":85016.27,"qty":0.00132,"timestamp":1740812734265,"isBuyerMaker":false},{"id":"3458585580","price":85016.26,"qty":0.00942,"timestamp":1740812734281,"isBuyerMaker":true},{"id":"3458585581","price":85016.26,"qty":0.00749,"timestamp":1740812734515,"isBuyerMaker":true},{"id":"3458585582","price":85016.26,"qty":0.1698,"timestamp":1740812734574,"isBuyerMaker":true},{"id":"3458585583","price":85016.25,"qty":0.00014,"timestamp":1740812734574,"isBuyerMaker":true},{"id":"3458585584","price":85016.24,"qty":0.00043,"timestamp":1740812734574,"isBuyerMaker":true},{"id":"3458585585","price":85016.23,"qty":0.00014,"timestamp":1740812734574,"isBuyerMaker":true},{"id":"3458585586","price":85016.22,"qty":0.00014,"timestamp":1740812734574,"isBuyerMaker":true},{"id":"3458585587","price":85016.2,"qty":0.00028,"timestamp":1740812734574,"isBuyerMaker":true},{"id":"3458585588","price":85016.19,"qty":0.00014,"timestamp":1740812734574,"isBuyerMaker":true},{"id":"3458585589","price":85016.18,"qty":0.00014,"timestamp":1740812734574,"isBuyerMaker":true},{"id":"3458585590","price":85016.05,"qty":0.00014,"timestamp":1740812734574,"isBuyerMaker":true},{"id":"3458585591","price":85016.02,"qty":0.00014,"timestamp":1740812734574,"isBuyerMaker":true},{"id":"3458585592","price":85016.01,"qty":0.00014,"timestamp":1740812734574,"isBuyerMaker":true},{"id":"3458585593","price":85016,"qty":0.01466,"timestamp":1740812734574,"isBuyerMaker":true},{"id":"3458585594","price":85015.91,"qty":0.00014,"timestamp":1740812734574,"isBuyerMaker":true},{"id":"3458585595","price":85015.9,"qty":0.00014,"timestamp":1740812734574,"isBuyerMaker":true},{"id":"3458585596","price":85015.88,"qty":0.00014,"timestamp":1740812734574,"isBuyerMaker":true},{"id":"3458585597","price":85014,"qty":0.01452,"timestamp":1740812734574,"isBuyerMaker":true},{"id":"3458585598","price":85012.62,"qty":0.01008,"timestamp":1740812734574,"isBuyerMaker":true},{"id":"3458585599","price":85012.19,"qty":0.01011,"timestamp":1740812734574,"isBuyerMaker":true},{"id":"3458585600","price":85012,"qty":0.07838,"timestamp":1740812734574,"isBuyerMaker":true},{"id":"3458585601","price":85011.99,"qty":0.04134,"timestamp":1740812734574,"isBuyerMaker":true},{"id":"3458585602","price":85011.17,"qty":0.02352,"timestamp":1740812734574,"isBuyerMaker":true},{"id":"3458585603","price":85010,"qty":0.0144,"timestamp":1740812734574,"isBuyerMaker":true},{"id":"3458585604","price":85009.07,"qty":0.08249,"timestamp":1740812734574,"isBuyerMaker":true},{"id":"3458585605","price":85008.32,"qty":0.53845,"timestamp":1740812734574,"isBuyerMaker":true},{"id":"3458585606","price":85008.33,"qty":0.15129,"timestamp":1740812735028,"isBuyerMaker":false},{"id":"3458585607","price":85008.32,"qty":0.00244,"timestamp":1740812735215,"isBuyerMaker":true},{"id":"3458585608","price":85008.33,"qty":0.05146,"timestamp":1740812735275,"isBuyerMaker":false},{"id":"3458585609","price":85008.32,"qty":0.29421,"timestamp":1740812735279,"isBuyerMaker":true},{"id":"3458585610","price":85008.32,"qty":0.00736,"timestamp":1740812735679,"isBuyerMaker":true},{"id":"3458585611","price":85008.32,"qty":0.02124,"timestamp":1740812736004,"isBuyerMaker":true},{"id":"3458585612","price":85008.32,"qty":0.0964,"timestamp":1740812736004,"isBuyerMaker":true},{"id":"3458585613","price":85008.33,"qty":0.00085,"timestamp":1740812737732,"isBuyerMaker":false},{"id":"3458585614","price":85008.33,"qty":0.04688,"timestamp":1740812738602,"isBuyerMaker":false},{"id":"3458585615","price":85008.32,"qty":0.023,"timestamp":1740812738746,"isBuyerMaker":true},{"id":"3458585616","price":85008.33,"qty":0.00206,"timestamp":1740812738803,"isBuyerMaker":false},{"id":"3458585617","price":85008.33,"qty":0.00006,"timestamp":1740812739049,"isBuyerMaker":false},{"id":"3458585618","price":85008.33,"qty":0.00529,"timestamp":1740812739404,"isBuyerMaker":false},{"id":"3458585619","price":85008.33,"qty":0.00014,"timestamp":1740812739692,"isBuyerMaker":false},{"id":"3458585620","price":85008.32,"qty":0.00007,"timestamp":1740812740018,"isBuyerMaker":true},{"id":"3458585621","price":85008.32,"qty":0.03,"timestamp":1740812740291,"isBuyerMaker":true},{"id":"3458585622","price":85008.32,"qty":0.023,"timestamp":1740812740411,"isBuyerMaker":true},{"id":"3458585623","price":85008.32,"qty":0.023,"timestamp":1740812740412,"isBuyerMaker":true},{"id":"3458585624","price":85008.32,"qty":0.023,"timestamp":1740812740412,"isBuyerMaker":true},{"id":"3458585625","price":85008.32,"qty":0.017,"timestamp":1740812740412,"isBuyerMaker":true},{"id":"3458585626","price":85008.32,"qty":0.023,"timestamp":1740812740445,"isBuyerMaker":true},{"id":"3458585627","price":85008.32,"qty":0.027,"timestamp":1740812740698,"isBuyerMaker":true},{"id":"3458585628","price":85008.32,"qty":0.023,"timestamp":1740812740699,"isBuyerMaker":true},{"id":"3458585629","price":85008.32,"qty":0.023,"timestamp":1740812740699,"isBuyerMaker":true},{"id":"3458585630","price":85008.32,"qty":0.023,"timestamp":1740812740700,"isBuyerMaker":true},{"id":"3458585631","price":85008.32,"qty":0.023,"timestamp":1740812740700,"isBuyerMaker":true},{"id":"3458585632","price":85008.32,"qty":0.023,"timestamp":1740812740701,"isBuyerMaker":true},{"id":"3458585633","price":85008.33,"qty":0.00144,"timestamp":1740812740720,"isBuyerMaker":false},{"id":"3458585634","price":85008.32,"qty":0.012,"timestamp":1740812740723,"isBuyerMaker":true},{"id":"3458585635","price":85008.32,"qty":0.023,"timestamp":1740812740725,"isBuyerMaker":true},{"id":"3458585636","price":85008.32,"qty":0.00082,"timestamp":1740812741072,"isBuyerMaker":true},{"id":"3458585637","price":85008.32,"qty":0.00056,"timestamp":1740812741447,"isBuyerMaker":true},{"id":"3458585638","price":85008.32,"qty":0.11763,"timestamp":1740812741777,"isBuyerMaker":true},{"id":"3458585639","price":85008.32,"qty":0.027,"timestamp":1740812741787,"isBuyerMaker":true},{"id":"3458585640","price":85008.32,"qty":0.017,"timestamp":1740812741787,"isBuyerMaker":true},{"id":"3458585641","price":85008.32,"qty":0.023,"timestamp":1740812741787,"isBuyerMaker":true},{"id":"3458585642","price":85008.32,"qty":0.02298,"timestamp":1740812741788,"isBuyerMaker":true},{"id":"3458585643","price":85008.31,"qty":0.00002,"timestamp":1740812741788,"isBuyerMaker":true},{"id":"3458585644","price":85008.31,"qty":0.00099,"timestamp":1740812741788,"isBuyerMaker":true},{"id":"3458585645","price":85008.3,"qty":0.00123,"timestamp":1740812741788,"isBuyerMaker":true},{"id":"3458585646","price":85008.29,"qty":0.00014,"timestamp":1740812741788,"isBuyerMaker":true},{"id":"3458585647","price":85008.28,"qty":0.00028,"timestamp":1740812741788,"isBuyerMaker":true},{"id":"3458585648","price":85008.2,"qty":0.00014,"timestamp":1740812741788,"isBuyerMaker":true},{"id":"3458585649","price":85008.16,"qty":0.00014,"timestamp":1740812741788,"isBuyerMaker":true},{"id":"3458585650","price":85008.09,"qty":0.00074,"timestamp":1740812741794,"isBuyerMaker":true},{"id":"3458585651","price":85008.03,"qty":0.00014,"timestamp":1740812741794,"isBuyerMaker":true},{"id":"3458585652","price":85008,"qty":0.01486,"timestamp":1740812741794,"isBuyerMaker":true},{"id":"3458585653","price":85007.87,"qty":0.00014,"timestamp":1740812741794,"isBuyerMaker":true},{"id":"3458585654","price":85007.77,"qty":0.00014,"timestamp":1740812741794,"isBuyerMaker":true},{"id":"3458585655","price":85007.75,"qty":0.00014,"timestamp":1740812741794,"isBuyerMaker":true},{"id":"3458585656","price":85007.45,"qty":0.00014,"timestamp":1740812741794,"isBuyerMaker":true},{"id":"3458585657","price":85007.43,"qty":0.00106,"timestamp":1740812741794,"isBuyerMaker":true},{"id":"3458585658","price":85006.94,"qty":0.0002,"timestamp":1740812741794,"isBuyerMaker":true},{"id":"3458585659","price":85006.16,"qty":0.00544,"timestamp":1740812741794,"isBuyerMaker":true},{"id":"3458585660","price":85006.16,"qty":0.023,"timestamp":1740812741795,"isBuyerMaker":true},{"id":"3458585661","price":85006.16,"qty":0.023,"timestamp":1740812741795,"isBuyerMaker":true},{"id":"3458585662","price":85006.16,"qty":0.01419,"timestamp":1740812741796,"isBuyerMaker":true},{"id":"3458585663","price":85006.09,"qty":0.0002,"timestamp":1740812741796,"isBuyerMaker":true},{"id":"3458585664","price":85006,"qty":0.00861,"timestamp":1740812741796,"isBuyerMaker":true},{"id":"3458585665","price":85006,"qty":0.00605,"timestamp":1740812741796,"isBuyerMaker":true},{"id":"3458585666","price":85005.55,"qty":0.00042,"timestamp":1740812741796,"isBuyerMaker":true},{"id":"3458585667","price":85004.8,"qty":0.01155,"timestamp":1740812741796,"isBuyerMaker":true},{"id":"3458585668","price":85004.75,"qty":0.00206,"timestamp":1740812741796,"isBuyerMaker":true},{"id":"3458585669","price":85004.75,"qty":0.0126,"timestamp":1740812741797,"isBuyerMaker":true},{"id":"3458585670","price":85004.52,"qty":0.0104,"timestamp":1740812741797,"isBuyerMaker":true},{"id":"3458585671","price":85004.52,"qty":0.023,"timestamp":1740812741798,"isBuyerMaker":true},{"id":"3458585672","price":85004.52,"qty":0.023,"timestamp":1740812741798,"isBuyerMaker":true},{"id":"3458585673","price":85004.52,"qty":0.023,"timestamp":1740812741799,"isBuyerMaker":true},{"id":"3458585674","price":85004.53,"qty":0.00012,"timestamp":1740812742212,"isBuyerMaker":false},{"id":"3458585675","price":85004.53,"qty":0.00041,"timestamp":1740812742214,"isBuyerMaker":false},{"id":"3458585676","price":85004.52,"qty":0.29422,"timestamp":1740812742278,"isBuyerMaker":true},{"id":"3458585677","price":85004.52,"qty":0.11764,"timestamp":1740812743055,"isBuyerMaker":true},{"id":"3458585678","price":85004.52,"qty":0.002,"timestamp":1740812743567,"isBuyerMaker":true},{"id":"3458585679","price":85004.52,"qty":0.002,"timestamp":1740812743567,"isBuyerMaker":true},{"id":"3458585680","price":85004.52,"qty":0.002,"timestamp":1740812743568,"isBuyerMaker":true},{"id":"3458585681","price":85004.52,"qty":0.002,"timestamp":1740812743568,"isBuyerMaker":true},{"id":"3458585682","price":85004.52,"qty":0.002,"timestamp":1740812743569,"isBuyerMaker":true},{"id":"3458585683","price":85004.52,"qty":0.006,"timestamp":1740812743569,"isBuyerMaker":true},{"id":"3458585684","price":85004.52,"qty":0.002,"timestamp":1740812743569,"isBuyerMaker":true},{"id":"3458585685","price":85004.52,"qty":0.002,"timestamp":1740812743569,"isBuyerMaker":true},{"id":"3458585686","price":85004.52,"qty":0.002,"timestamp":1740812743570,"isBuyerMaker":true},{"id":"3458585687","price":85004.52,"qty":0.002,"timestamp":1740812743570,"isBuyerMaker":true},{"id":"3458585688","price":85004.52,"qty":0.023,"timestamp":1740812743570,"isBuyerMaker":true},{"id":"3458585689","price":85004.52,"qty":0.006,"timestamp":1740812743570,"isBuyerMaker":true},{"id":"3458585690","price":85004.52,"qty":0.023,"timestamp":1740812743570,"isBuyerMaker":true},{"id":"3458585691","price":85004.52,"qty":0.00012,"timestamp":1740812743584,"isBuyerMaker":true},{"id":"3458585692","price":85004.52,"qty":0.00024,"timestamp":1740812743586,"isBuyerMaker":true},{"id":"3458585693","price":85004.52,"qty":0.00024,"timestamp":1740812743586,"isBuyerMaker":true},{"id":"3458585694","price":85004.52,"qty":0.00024,"timestamp":1740812743587,"isBuyerMaker":true},{"id":"3458585695","price":85004.52,"qty":0.05176,"timestamp":1740812743792,"isBuyerMaker":true},{"id":"3458585696","price":85004.53,"qty":0.00119,"timestamp":1740812743861,"isBuyerMaker":false},{"id":"3458585697","price":85004.52,"qty":0.023,"timestamp":1740812745929,"isBuyerMaker":true},{"id":"3458585698","price":85004.52,"qty":0.023,"timestamp":1740812745930,"isBuyerMaker":true},{"id":"3458585699","price":85004.52,"qty":0.023,"timestamp":1740812745930,"isBuyerMaker":true},{"id":"3458585700","price":85004.52,"qty":0.023,"timestamp":1740812745930,"isBuyerMaker":true},{"id":"3458585701","price":85004.52,"qty":0.023,"timestamp":1740812745930,"isBuyerMaker":true},{"id":"3458585702","price":85004.52,"qty":0.023,"timestamp":1740812745931,"isBuyerMaker":true},{"id":"3458585703","price":85004.52,"qty":0.027,"timestamp":1740812745931,"isBuyerMaker":true},{"id":"3458585704","price":85004.52,"qty":0.023,"timestamp":1740812745931,"isBuyerMaker":true},{"id":"3458585705","price":85004.52,"qty":0.023,"timestamp":1740812745931,"isBuyerMaker":true},{"id":"3458585706","price":85004.52,"qty":0.017,"timestamp":1740812745931,"isBuyerMaker":true},{"id":"3458585707","price":85004.52,"qty":0.023,"timestamp":1740812745932,"isBuyerMaker":true},{"id":"3458585708","price":85004.52,"qty":0.023,"timestamp":1740812745934,"isBuyerMaker":true},{"id":"3458585709","price":85004.52,"qty":0.023,"timestamp":1740812745934,"isBuyerMaker":true},{"id":"3458585710","price":85004.52,"qty":0.023,"timestamp":1740812745966,"isBuyerMaker":true},{"id":"3458585711","price":85004.52,"qty":0.023,"timestamp":1740812745966,"isBuyerMaker":true},{"id":"3458585712","price":85004.52,"qty":0.012,"timestamp":1740812745968,"isBuyerMaker":true},{"id":"3458585713","price":85004.52,"qty":0.00015,"timestamp":1740812746180,"isBuyerMaker":true},{"id":"3458585714","price":85004.53,"qty":0.11,"timestamp":1740812746788,"isBuyerMaker":false},{"id":"3458585715","price":85004.52,"qty":0.012,"timestamp":1740812746912,"isBuyerMaker":true},{"id":"3458585716","price":85004.53,"qty":0.00562,"timestamp":1740812747097,"isBuyerMaker":false},{"id":"3458585717","price":85004.52,"qty":0.01176,"timestamp":1740812747901,"isBuyerMaker":true},{"id":"3458585718","price":85004.52,"qty":0.027,"timestamp":1740812747903,"isBuyerMaker":true},{"id":"3458585719","price":85004.52,"qty":0.023,"timestamp":1740812747903,"isBuyerMaker":true},{"id":"3458585720","price":85004.52,"qty":0.023,"timestamp":1740812747904,"isBuyerMaker":true},{"id":"3458585721","price":85004.52,"qty":0.023,"timestamp":1740812747904,"isBuyerMaker":true},{"id":"3458585722","price":85004.52,"qty":0.017,"timestamp":1740812747904,"isBuyerMaker":true},{"id":"3458585723","price":85004.52,"qty":0.023,"timestamp":1740812747904,"isBuyerMaker":true},{"id":"3458585724","price":85004.52,"qty":0.023,"timestamp":1740812747904,"isBuyerMaker":true},{"id":"3458585725","price":85004.52,"qty":0.023,"timestamp":1740812747904,"isBuyerMaker":true},{"id":"3458585726","price":85004.52,"qty":0.00883,"timestamp":1740812747904,"isBuyerMaker":true},{"id":"3458585727","price":85004.51,"qty":0.0068,"timestamp":1740812747904,"isBuyerMaker":true},{"id":"3458585728","price":85004.5,"qty":0.00056,"timestamp":1740812747904,"isBuyerMaker":true},{"id":"3458585729","price":85004.49,"qty":0.00635,"timestamp":1740812747904,"isBuyerMaker":true},{"id":"3458585730","price":85004.48,"qty":0.00014,"timestamp":1740812747904,"isBuyerMaker":true},{"id":"3458585731","price":85004.47,"qty":0.00014,"timestamp":1740812747904,"isBuyerMaker":true},{"id":"3458585732","price":85004.46,"qty":0.00018,"timestamp":1740812747904,"isBuyerMaker":true},{"id":"3458585733","price":85004.46,"qty":0.0081,"timestamp":1740812747905,"isBuyerMaker":true},{"id":"3458585734","price":85004.39,"qty":0.00014,"timestamp":1740812747905,"isBuyerMaker":true},{"id":"3458585735","price":85004.18,"qty":0.01476,"timestamp":1740812747913,"isBuyerMaker":true},{"id":"3458585736","price":85004.18,"qty":0.023,"timestamp":1740812747915,"isBuyerMaker":true},{"id":"3458585737","price":85004.19,"qty":0.00208,"timestamp":1740812747929,"isBuyerMaker":false},{"id":"3458585738","price":85004.18,"qty":0.00541,"timestamp":1740812748034,"isBuyerMaker":true},{"id":"3458585739","price":85004.16,"qty":0.00043,"timestamp":1740812748034,"isBuyerMaker":true},{"id":"3458585740","price":85004.13,"qty":0.00029,"timestamp":1740812748034,"isBuyerMaker":true},{"id":"3458585741","price":85004.08,"qty":0.00014,"timestamp":1740812748034,"isBuyerMaker":true},{"id":"3458585742","price":85004,"qty":0.01466,"timestamp":1740812748034,"isBuyerMaker":true},{"id":"3458585743","price":85003.97,"qty":0.00014,"timestamp":1740812748034,"isBuyerMaker":true},{"id":"3458585744","price":85003.94,"qty":0.00014,"timestamp":1740812748034,"isBuyerMaker":true},{"id":"3458585745","price":85003.9,"qty":0.00014,"timestamp":1740812748034,"isBuyerMaker":true},{"id":"3458585746","price":85003.82,"qty":0.02122,"timestamp":1740812748034,"isBuyerMaker":true},{"id":"3458585747","price":85003.77,"qty":0.00173,"timestamp":1740812748034,"isBuyerMaker":true},{"id":"3458585748","price":85003.58,"qty":0.00014,"timestamp":1740812748034,"isBuyerMaker":true},{"id":"3458585749","price":85003.47,"qty":0.00638,"timestamp":1740812748034,"isBuyerMaker":true},{"id":"3458585750","price":85003.03,"qty":0.00014,"timestamp":1740812748034,"isBuyerMaker":true},{"id":"3458585751","price":85002.71,"qty":0.02214,"timestamp":1740812748034,"isBuyerMaker":true},{"id":"3458585752","price":85002.69,"qty":0.0002,"timestamp":1740812748034,"isBuyerMaker":true},{"id":"3458585753","price":85002.64,"qty":0.00045,"timestamp":1740812748034,"isBuyerMaker":true},{"id":"3458585754","price":85002.34,"qty":0.0228,"timestamp":1740812748034,"isBuyerMaker":true},{"id":"3458585755","price":85002,"qty":0.0144,"timestamp":1740812748034,"isBuyerMaker":true},{"id":"3458585756","price":85001.6,"qty":0.001,"timestamp":1740812748034,"isBuyerMaker":true},{"id":"3458585757","price":85001.44,"qty":0.00029,"timestamp":1740812748034,"isBuyerMaker":true},{"id":"3458585758","price":85000.74,"qty":0.01549,"timestamp":1740812748034,"isBuyerMaker":true},{"id":"3458585759","price":85000.48,"qty":0.00377,"timestamp":1740812748034,"isBuyerMaker":true},{"id":"3458585760","price":85000.27,"qty":0.00506,"timestamp":1740812748034,"isBuyerMaker":true},{"id":"3458585761","price":85000.21,"qty":0.00006,"timestamp":1740812748034,"isBuyerMaker":true},{"id":"3458585762","price":85000.1,"qty":0.29422,"timestamp":1740812748282,"isBuyerMaker":true},{"id":"3458585763","price":85000.1,"qty":0.023,"timestamp":1740812748428,"isBuyerMaker":true},{"id":"3458585764","price":85000.1,"qty":0.00111,"timestamp":1740812748441,"isBuyerMaker":true},{"id":"3458585765","price":85000.1,"qty":0.023,"timestamp":1740812748527,"isBuyerMaker":true},{"id":"3458585766","price":85000.1,"qty":0.00034,"timestamp":1740812748703,"isBuyerMaker":true},{"id":"3458585767","price":85000.11,"qty":0.0005,"timestamp":1740812749058,"isBuyerMaker":false},{"id":"3458585768","price":85000.1,"qty":0.29423,"timestamp":1740812749277,"isBuyerMaker":true},{"id":"3458585769","price":85000.1,"qty":0.11764,"timestamp":1740812749394,"isBuyerMaker":true},{"id":"3458585770","price":85000.1,"qty":0.00029,"timestamp":1740812749571,"isBuyerMaker":true},{"id":"3458585771","price":85000.1,"qty":0.026,"timestamp":1740812750357,"isBuyerMaker":true},{"id":"3458585772","price":85000.1,"qty":0.023,"timestamp":1740812750358,"isBuyerMaker":true},{"id":"3458585773","price":85000.1,"qty":0.014,"timestamp":1740812750358,"isBuyerMaker":true},{"id":"3458585774","price":85000.1,"qty":0.001,"timestamp":1740812750358,"isBuyerMaker":true},{"id":"3458585775","price":85000.1,"qty":0.014,"timestamp":1740812750358,"isBuyerMaker":true},{"id":"3458585776","price":85000.1,"qty":0.001,"timestamp":1740812750359,"isBuyerMaker":true},{"id":"3458585777","price":85000.1,"qty":0.014,"timestamp":1740812750359,"isBuyerMaker":true},{"id":"3458585778","price":85000.1,"qty":0.001,"timestamp":1740812750359,"isBuyerMaker":true},{"id":"3458585779","price":85000.1,"qty":0.001,"timestamp":1740812750359,"isBuyerMaker":true},{"id":"3458585780","price":85000.1,"qty":0.023,"timestamp":1740812750360,"isBuyerMaker":true},{"id":"3458585781","price":85000.1,"qty":0.001,"timestamp":1740812750360,"isBuyerMaker":true},{"id":"3458585782","price":85000.1,"qty":0.023,"timestamp":1740812750360,"isBuyerMaker":true},{"id":"3458585783","price":85000.1,"qty":0.023,"timestamp":1740812750361,"isBuyerMaker":true},{"id":"3458585784","price":85000.1,"qty":0.0314,"timestamp":1740812750363,"isBuyerMaker":true},{"id":"3458585785","price":85000.1,"qty":0.05138,"timestamp":1740812750366,"isBuyerMaker":true},{"id":"3458585786","price":85000.1,"qty":0.008,"timestamp":1740812750402,"isBuyerMaker":true},{"id":"3458585787","price":85000.11,"qty":0.00014,"timestamp":1740812750722,"isBuyerMaker":false},{"id":"3458585788","price":85000.11,"qty":0.00024,"timestamp":1740812750722,"isBuyerMaker":false},{"id":"3458585789","price":85000.11,"qty":0.00432,"timestamp":1740812751076,"isBuyerMaker":false},{"id":"3458585790","price":85000.11,"qty":0.00005,"timestamp":1740812751220,"isBuyerMaker":false},{"id":"3458585791","price":85000.1,"qty":0.00034,"timestamp":1740812751229,"isBuyerMaker":true},{"id":"3458585792","price":85000.11,"qty":0.0068,"timestamp":1740812751374,"isBuyerMaker":false},{"id":"3458585793","price":85000.1,"qty":0.00019,"timestamp":1740812751809,"isBuyerMaker":true},{"id":"3458585794","price":85000.11,"qty":0.00059,"timestamp":1740812752408,"isBuyerMaker":false},{"id":"3458585795","price":85000.11,"qty":0.00018,"timestamp":1740812753084,"isBuyerMaker":false},{"id":"3458585796","price":85000.1,"qty":0.00335,"timestamp":1740812753139,"isBuyerMaker":true},{"id":"3458585797","price":85000.1,"qty":0.57017,"timestamp":1740812753205,"isBuyerMaker":true},{"id":"3458585798","price":85000.1,"qty":0.07924,"timestamp":1740812753205,"isBuyerMaker":true},{"id":"3458585799","price":85000.1,"qty":0.34171,"timestamp":1740812753205,"isBuyerMaker":true},{"id":"3458585800","price":85000.09,"qty":0.00561,"timestamp":1740812753205,"isBuyerMaker":true},{"id":"3458585801","price":85000.08,"qty":0.00043,"timestamp":1740812753205,"isBuyerMaker":true},{"id":"3458585802","price":85000.06,"qty":0.00014,"timestamp":1740812753205,"isBuyerMaker":true},{"id":"3458585803","price":85000.05,"qty":0.00014,"timestamp":1740812753206,"isBuyerMaker":true},{"id":"3458585804","price":85000,"qty":0.79386,"timestamp":1740812753206,"isBuyerMaker":true},{"id":"3458585805","price":85000,"qty":0.11032,"timestamp":1740812753206,"isBuyerMaker":true},{"id":"3458585806","price":85000,"qty":0.07156,"timestamp":1740812753206,"isBuyerMaker":true},{"id":"3458585807","price":85000,"qty":0.0419,"timestamp":1740812753206,"isBuyerMaker":true},{"id":"3458585808","price":85000,"qty":1.1363,"timestamp":1740812753206,"isBuyerMaker":true},{"id":"3458585809","price":85000,"qty":0.01954,"timestamp":1740812753206,"isBuyerMaker":true},{"id":"3458585810","price":85000,"qty":0.586,"timestamp":1740812753206,"isBuyerMaker":true},{"id":"3458585811","price":85000,"qty":0.092,"timestamp":1740812753207,"isBuyerMaker":true},{"id":"3458585812","price":85000,"qty":0.06046,"timestamp":1740812753207,"isBuyerMaker":true},{"id":"3458585813","price":85000,"qty":0.01437,"timestamp":1740812753207,"isBuyerMaker":true},{"id":"3458585814","price":85000,"qty":0.531,"timestamp":1740812753207,"isBuyerMaker":true},{"id":"3458585815","price":85000,"qty":2.368,"timestamp":1740812753208,"isBuyerMaker":true},{"id":"3458585816","price":85000,"qty":1.551,"timestamp":1740812753208,"isBuyerMaker":true},{"id":"3458585817","price":85000,"qty":0.00839,"timestamp":1740812753208,"isBuyerMaker":true},{"id":"3458585818","price":85000,"qty":0.02848,"timestamp":1740812753209,"isBuyerMaker":true},{"id":"3458585819","price":85000,"qty":0.119,"timestamp":1740812753209,"isBuyerMaker":true},{"id":"3458585820","price":85000,"qty":0.04335,"timestamp":1740812753210,"isBuyerMaker":true},{"id":"3458585821","price":85000,"qty":0.123,"timestamp":1740812753210,"isBuyerMaker":true},{"id":"3458585822","price":85000,"qty":0.046,"timestamp":1740812753210,"isBuyerMaker":true},{"id":"3458585823","price":85000,"qty":0.023,"timestamp":1740812753210,"isBuyerMaker":true},{"id":"3458585824","price":85000,"qty":0.023,"timestamp":1740812753211,"isBuyerMaker":true},{"id":"3458585825","price":85000,"qty":0.09684,"timestamp":1740812753211,"isBuyerMaker":true},{"id":"3458585826","price":85000,"qty":1.134,"timestamp":1740812753211,"isBuyerMaker":true},{"id":"3458585827","price":85000,"qty":0.187,"timestamp":1740812753212,"isBuyerMaker":true},{"id":"3458585828","price":85000,"qty":0.02944,"timestamp":1740812753212,"isBuyerMaker":true},{"id":"3458585829","price":85000,"qty":0.452,"timestamp":1740812753212,"isBuyerMaker":true},{"id":"3458585830","price":85000,"qty":0.023,"timestamp":1740812753212,"isBuyerMaker":true},{"id":"3458585831","price":85000,"qty":0.027,"timestamp":1740812753212,"isBuyerMaker":true},{"id":"3458585832","price":85000,"qty":0.023,"timestamp":1740812753212,"isBuyerMaker":true},{"id":"3458585833","price":85000,"qty":0.129,"timestamp":1740812753213,"isBuyerMaker":true},{"id":"3458585834","price":85000,"qty":0.171,"timestamp":1740812753213,"isBuyerMaker":true},{"id":"3458585835","price":85000,"qty":0.023,"timestamp":1740812753213,"isBuyerMaker":true},{"id":"3458585836","price":85000,"qty":0.039,"timestamp":1740812753213,"isBuyerMaker":true},{"id":"3458585837","price":85000,"qty":0.023,"timestamp":1740812753213,"isBuyerMaker":true},{"id":"3458585838","price":85000,"qty":0.017,"timestamp":1740812753213,"isBuyerMaker":true},{"id":"3458585839","price":85000,"qty":0.023,"timestamp":1740812753213,"isBuyerMaker":true},{"id":"3458585840","price":85000,"qty":0.023,"timestamp":1740812753213,"isBuyerMaker":true},{"id":"3458585841","price":85000,"qty":0.023,"timestamp":1740812753213,"isBuyerMaker":true},{"id":"3458585842","price":85000,"qty":0.108,"timestamp":1740812753213,"isBuyerMaker":true},{"id":"3458585843","price":85000,"qty":0.044,"timestamp":1740812753213,"isBuyerMaker":true},{"id":"3458585844","price":85000,"qty":0.058,"timestamp":1740812753213,"isBuyerMaker":true},{"id":"3458585845","price":85000,"qty":1.4,"timestamp":1740812753213,"isBuyerMaker":true},{"id":"3458585846","price":85000,"qty":0.023,"timestamp":1740812753214,"isBuyerMaker":true},{"id":"3458585847","price":85000,"qty":0.023,"timestamp":1740812753214,"isBuyerMaker":true},{"id":"3458585848","price":85000,"qty":0.145,"timestamp":1740812753214,"isBuyerMaker":true},{"id":"3458585849","price":85000,"qty":0.713,"timestamp":1740812753214,"isBuyerMaker":true},{"id":"3458585850","price":85000,"qty":0.096,"timestamp":1740812753214,"isBuyerMaker":true},{"id":"3458585851","price":85000,"qty":0.226,"timestamp":1740812753214,"isBuyerMaker":true},{"id":"3458585852","price":85000,"qty":0.448,"timestamp":1740812753214,"isBuyerMaker":true},{"id":"3458585853","price":85000,"qty":0.754,"timestamp":1740812753215,"isBuyerMaker":true},{"id":"3458585854","price":85000,"qty":0.095,"timestamp":1740812753215,"isBuyerMaker":true},{"id":"3458585855","price":85000,"qty":0.045,"timestamp":1740812753215,"isBuyerMaker":true},{"id":"3458585856","price":85000,"qty":0.081,"timestamp":1740812753215,"isBuyerMaker":true},{"id":"3458585857","price":85000,"qty":0.094,"timestamp":1740812753215,"isBuyerMaker":true},{"id":"3458585858","price":85000,"qty":0.065,"timestamp":1740812753215,"isBuyerMaker":true},{"id":"3458585859","price":85000,"qty":0.041,"timestamp":1740812753216,"isBuyerMaker":true},{"id":"3458585860","price":85000,"qty":0.113,"timestamp":1740812753216,"isBuyerMaker":true},{"id":"3458585861","price":85000,"qty":0.3,"timestamp":1740812753216,"isBuyerMaker":true},{"id":"3458585862","price":85000,"qty":0.239,"timestamp":1740812753216,"isBuyerMaker":true},{"id":"3458585863","price":85000,"qty":0.035,"timestamp":1740812753217,"isBuyerMaker":true},{"id":"3458585864","price":85000,"qty":0.6,"timestamp":1740812753217,"isBuyerMaker":true},{"id":"3458585865","price":85000,"qty":0.017,"timestamp":1740812753217,"isBuyerMaker":true},{"id":"3458585866","price":85000,"qty":0.49,"timestamp":1740812753217,"isBuyerMaker":true},{"id":"3458585867","price":85000,"qty":0.00353,"timestamp":1740812753217,"isBuyerMaker":true},{"id":"3458585868","price":85000,"qty":0.00353,"timestamp":1740812753217,"isBuyerMaker":true},{"id":"3458585869","price":85000,"qty":0.00265,"timestamp":1740812753217,"isBuyerMaker":true},{"id":"3458585870","price":85000,"qty":0.00353,"timestamp":1740812753218,"isBuyerMaker":true},{"id":"3458585871","price":85000,"qty":0.048,"timestamp":1740812753218,"isBuyerMaker":true},{"id":"3458585872","price":85000,"qty":0.06,"timestamp":1740812753218,"isBuyerMaker":true},{"id":"3458585873","price":85000,"qty":0.076,"timestamp":1740812753218,"isBuyerMaker":true},{"id":"3458585874","price":85000,"qty":0.39,"timestamp":1740812753218,"isBuyerMaker":true},{"id":"3458585875","price":85000,"qty":0.091,"timestamp":1740812753219,"isBuyerMaker":true},{"id":"3458585876","price":85000,"qty":0.021,"timestamp":1740812753222,"isBuyerMaker":true},{"id":"3458585877","price":85000,"qty":0.012,"timestamp":1740812753232,"isBuyerMaker":true},{"id":"3458585878","price":85000,"qty":0.03529,"timestamp":1740812753235,"isBuyerMaker":true},{"id":"3458585879","price":85000,"qty":0.09606,"timestamp":1740812753247,"isBuyerMaker":true},{"id":"3458585880","price":85000,"qty":0.01,"timestamp":1740812753248,"isBuyerMaker":true},{"id":"3458585881","price":85000,"qty":0.005,"timestamp":1740812753248,"isBuyerMaker":true},{"id":"3458585882","price":85000,"qty":0.026,"timestamp":1740812753251,"isBuyerMaker":true},{"id":"3458585883","price":85000,"qty":0.00631,"timestamp":1740812753260,"isBuyerMaker":true},{"id":"3458585884","price":85000,"qty":0.01,"timestamp":1740812753267,"isBuyerMaker":true},{"id":"3458585885","price":85000,"qty":0.005,"timestamp":1740812753267,"isBuyerMaker":true},{"id":"3458585886","price":85000,"qty":0.03531,"timestamp":1740812753269,"isBuyerMaker":true},{"id":"3458585887","price":85000,"qty":0.00351,"timestamp":1740812753276,"isBuyerMaker":true},{"id":"3458585888","price":85000,"qty":0.09485,"timestamp":1740812753281,"isBuyerMaker":true},{"id":"3458585889","price":85000,"qty":0.03529,"timestamp":1740812753287,"isBuyerMaker":true},{"id":"3458585890","price":85000,"qty":0.03529,"timestamp":1740812753295,"isBuyerMaker":true},{"id":"3458585891","price":85000,"qty":0.026,"timestamp":1740812753304,"isBuyerMaker":true},{"id":"3458585892","price":85000,"qty":0.026,"timestamp":1740812753311,"isBuyerMaker":true},{"id":"3458585893","price":85000,"qty":0.026,"timestamp":1740812753318,"isBuyerMaker":true},{"id":"3458585894","price":85000,"qty":0.026,"timestamp":1740812753326,"isBuyerMaker":true},{"id":"3458585895","price":85000,"qty":0.01069,"timestamp":1740812753335,"isBuyerMaker":true},{"id":"3458585896","price":85000,"qty":0.01069,"timestamp":1740812753343,"isBuyerMaker":true},{"id":"3458585897","price":85000,"qty":0.03529,"timestamp":1740812753351,"isBuyerMaker":true},{"id":"3458585898","price":85000,"qty":0.03529,"timestamp":1740812753359,"isBuyerMaker":true},{"id":"3458585899","price":85000,"qty":0.03529,"timestamp":1740812753367,"isBuyerMaker":true},{"id":"3458585900","price":85000,"qty":0.00016,"timestamp":1740812753744,"isBuyerMaker":true},{"id":"3458585901","price":85000,"qty":0.29423,"timestamp":1740812754280,"isBuyerMaker":true},{"id":"3458585902","price":85000,"qty":0.00324,"timestamp":1740812754999,"isBuyerMaker":true},{"id":"3458585903","price":85000,"qty":0.002,"timestamp":1740812755122,"isBuyerMaker":true},{"id":"3458585904","price":85000,"qty":0.11765,"timestamp":1740812755154,"isBuyerMaker":true},{"id":"3458585905","price":85000.01,"qty":0.00095,"timestamp":1740812755391,"isBuyerMaker":false},{"id":"3458585906","price":85000,"qty":0.01918,"timestamp":1740812755450,"isBuyerMaker":true},{"id":"3458585907","price":85000,"qty":0.00708,"timestamp":1740812755684,"isBuyerMaker":true},{"id":"3458585908","price":85000,"qty":0.00092,"timestamp":1740812756079,"isBuyerMaker":true},{"id":"3458585909","price":85000,"qty":0.00067,"timestamp":1740812756106,"isBuyerMaker":true},{"id":"3458585910","price":85000,"qty":0.0102,"timestamp":1740812756108,"isBuyerMaker":true},{"id":"3458585911","price":85000,"qty":0.007,"timestamp":1740812756116,"isBuyerMaker":true},{"id":"3458585912","price":85000,"qty":0.00044,"timestamp":1740812756173,"isBuyerMaker":true},{"id":"3458585913","price":85000.01,"qty":0.02638,"timestamp":1740812757773,"isBuyerMaker":false},{"id":"3458585914","price":85000,"qty":0.0545,"timestamp":1740812758222,"isBuyerMaker":true},{"id":"3458585915","price":85000.01,"qty":0.00151,"timestamp":1740812759037,"isBuyerMaker":false},{"id":"3458585916","price":85000.01,"qty":0.00044,"timestamp":1740812759379,"isBuyerMaker":false}],"recent":[{"id":"3458585917","price":85000,"qty":0.305,"timestamp":1740812760087,"isBuyerMaker":true},{"id":"3458585918","price":85000,"qty":0.183,"timestamp":1740812760138,"isBuyerMaker":true},{"id":"3458585919","price":85000,"qty":0.03531,"timestamp":1740812760343,"isBuyerMaker":true},{"id":"3458585920","price":85000,"qty":0.00011,"timestamp":1740812760353,"isBuyerMaker":true},{"id":"3458585921","price":85000,"qty":0.005,"timestamp":1740812760537,"isBuyerMaker":true},{"id":"3458585922","price":85000,"qty":0.01,"timestamp":1740812760658,"isBuyerMaker":true},{"id":"3458585923","price":85000,"qty":0.0079,"timestamp":1740812760752,"isBuyerMaker":true},{"id":"3458585924","price":85000,"qty":0.002,"timestamp":1740812760830,"isBuyerMaker":true},{"id":"3458585925","price":85000.01,"qty":0.00623,"timestamp":1740812761015,"isBuyerMaker":false},{"id":"3458585926","price":85000,"qty":0.615,"timestamp":1740812761346,"isBuyerMaker":true},{"id":"3458585927","price":85000,"qty":0.015,"timestamp":1740812761569,"isBuyerMaker":true},{"id":"3458585928","price":85000,"qty":0.012,"timestamp":1740812761610,"isBuyerMaker":true},{"id":"3458585929","price":85000,"qty":0.159,"timestamp":1740812761868,"isBuyerMaker":true},{"id":"3458585930","price":85000,"qty":0.01049,"timestamp":1740812761904,"isBuyerMaker":true},{"id":"3458585931","price":85000,"qty":0.03149,"timestamp":1740812761916,"isBuyerMaker":true},{"id":"3458585932","price":85000,"qty":0.00324,"timestamp":1740812761970,"isBuyerMaker":true},{"id":"3458585933","price":85000,"qty":0.003,"timestamp":1740812762010,"isBuyerMaker":true},{"id":"3458585934","price":85000,"qty":0.012,"timestamp":1740812762365,"isBuyerMaker":true},{"id":"3458585935","price":85000,"qty":0.078,"timestamp":1740812762533,"isBuyerMaker":true},{"id":"3458585936","price":85000,"qty":0.096,"timestamp":1740812762551,"isBuyerMaker":true},{"id":"3458585937","price":85000,"qty":0.002,"timestamp":1740812762615,"isBuyerMaker":true},{"id":"3458585938","price":85000.01,"qty":0.00023,"timestamp":1740812762621,"isBuyerMaker":false},{"id":"3458585939","price":85000,"qty":0.01104,"timestamp":1740812762671,"isBuyerMaker":true},{"id":"3458585940","price":85000,"qty":0.00396,"timestamp":1740812762679,"isBuyerMaker":true},{"id":"3458585941","price":85000,"qty":0.03529,"timestamp":1740812762911,"isBuyerMaker":true},{"id":"3458585942","price":85000,"qty":0.0102,"timestamp":1740812762922,"isBuyerMaker":true},{"id":"3458585943","price":85000,"qty":0.0043,"timestamp":1740812762927,"isBuyerMaker":true},{"id":"3458585944","price":85000,"qty":0.0043,"timestamp":1740812762928,"isBuyerMaker":true},{"id":"3458585945","price":85000,"qty":1.267,"timestamp":1740812762931,"isBuyerMaker":true},{"id":"3458585946","price":85000,"qty":0.0102,"timestamp":1740812762936,"isBuyerMaker":true},{"id":"3458585947","price":85000,"qty":0.03,"timestamp":1740812762946,"isBuyerMaker":true},{"id":"3458585948","price":85000,"qty":0.0102,"timestamp":1740812762954,"isBuyerMaker":true},{"id":"3458585949","price":85000,"qty":0.02783,"timestamp":1740812762966,"isBuyerMaker":true},{"id":"3458585950","price":85000,"qty":0.00213,"timestamp":1740812762969,"isBuyerMaker":true},{"id":"3458585951","price":85000,"qty":0.0023,"timestamp":1740812762970,"isBuyerMaker":true},{"id":"3458585952","price":85000,"qty":0.0102,"timestamp":1740812762975,"isBuyerMaker":true},{"id":"3458585953","price":85000,"qty":0.0102,"timestamp":1740812762983,"isBuyerMaker":true},{"id":"3458585954","price":85000,"qty":0.08496,"timestamp":1740812762989,"isBuyerMaker":true},{"id":"3458585955","price":85000,"qty":0.00135,"timestamp":1740812762992,"isBuyerMaker":true},{"id":"3458585956","price":85000,"qty":0.00947,"timestamp":1740812762992,"isBuyerMaker":true},{"id":"3458585957","price":85000,"qty":0.00135,"timestamp":1740812762993,"isBuyerMaker":true},{"id":"3458585958","price":85000,"qty":0.00011,"timestamp":1740812762993,"isBuyerMaker":true},{"id":"3458585959","price":85000,"qty":0.03474,"timestamp":1740812762995,"isBuyerMaker":true},{"id":"3458585960","price":85000,"qty":0.00117,"timestamp":1740812762997,"isBuyerMaker":true},{"id":"3458585961","price":85000,"qty":0.00892,"timestamp":1740812763001,"isBuyerMaker":true},{"id":"3458585962","price":85000,"qty":0.0314,"timestamp":1740812763010,"isBuyerMaker":true},{"id":"3458585963","price":85000,"qty":0.00477,"timestamp":1740812763018,"isBuyerMaker":true},{"id":"3458585964","price":85000,"qty":0.00128,"timestamp":1740812763026,"isBuyerMaker":true},{"id":"3458585965","price":85000,"qty":0.18363,"timestamp":1740812763029,"isBuyerMaker":true},{"id":"3458585966","price":85000,"qty":0.00073,"timestamp":1740812763034,"isBuyerMaker":true},{"id":"3458585967","price":85000,"qty":0.025,"timestamp":1740812763042,"isBuyerMaker":true},{"id":"3458585968","price":85000,"qty":0.025,"timestamp":1740812763050,"isBuyerMaker":true},{"id":"3458585969","price":85000,"qty":0.00073,"timestamp":1740812763058,"isBuyerMaker":true},{"id":"3458585970","price":85000,"qty":0.00947,"timestamp":1740812763066,"isBuyerMaker":true},{"id":"3458585971","price":85000,"qty":0.0102,"timestamp":1740812763074,"isBuyerMaker":true},{"id":"3458585972","price":85000,"qty":0.0102,"timestamp":1740812763083,"isBuyerMaker":true},{"id":"3458585973","price":85000,"qty":0.045,"timestamp":1740812763356,"isBuyerMaker":true},{"id":"3458585974","price":85000,"qty":0.059,"timestamp":1740812763357,"isBuyerMaker":true},{"id":"3458585975","price":85000,"qty":0.00118,"timestamp":1740812763385,"isBuyerMaker":true},{"id":"3458585976","price":85000,"qty":0.00455,"timestamp":1740812763572,"isBuyerMaker":true},{"id":"3458585977","price":85000,"qty":0.031,"timestamp":1740812763718,"isBuyerMaker":true},{"id":"3458585978","price":85000,"qty":0.09666,"timestamp":1740812763758,"isBuyerMaker":true},{"id":"3458585979","price":85000,"qty":0.03529,"timestamp":1740812763775,"isBuyerMaker":true},{"id":"3458585980","price":85000,"qty":0.02098,"timestamp":1740812763779,"isBuyerMaker":true},{"id":"3458585981","price":85000,"qty":0.01171,"timestamp":1740812763783,"isBuyerMaker":true},{"id":"3458585982","price":85000,"qty":0.031,"timestamp":1740812763973,"isBuyerMaker":true},{"id":"3458585983","price":85000,"qty":0.03531,"timestamp":1740812764041,"isBuyerMaker":true},{"id":"3458585984","price":85000,"qty":0.0102,"timestamp":1740812764047,"isBuyerMaker":true},{"id":"3458585985","price":85000,"qty":0.0102,"timestamp":1740812764056,"isBuyerMaker":true},{"id":"3458585986","price":85000,"qty":0.01631,"timestamp":1740812764063,"isBuyerMaker":true},{"id":"3458585987","price":85000,"qty":0.0102,"timestamp":1740812764070,"isBuyerMaker":true},{"id":"3458585988","price":85000,"qty":0.0102,"timestamp":1740812764078,"isBuyerMaker":true},{"id":"3458585989","price":85000,"qty":0.0043,"timestamp":1740812764092,"isBuyerMaker":true},{"id":"3458585990","price":85000,"qty":0.00868,"timestamp":1740812764099,"isBuyerMaker":true},{"id":"3458585991","price":85000,"qty":0.0043,"timestamp":1740812764108,"isBuyerMaker":true},{"id":"3458585992","price":85000,"qty":0.015,"timestamp":1740812764234,"isBuyerMaker":true},{"id":"3458585993","price":85000,"qty":0.02094,"timestamp":1740812764352,"isBuyerMaker":true},{"id":"3458585994","price":85000,"qty":0.02727,"timestamp":1740812764357,"isBuyerMaker":true},{"id":"3458585995","price":85000.01,"qty":0.00153,"timestamp":1740812764672,"isBuyerMaker":false},{"id":"3458585996","price":85000,"qty":0.09515,"timestamp":1740812765121,"isBuyerMaker":true},{"id":"3458585997","price":85000,"qty":1,"timestamp":1740812765134,"isBuyerMaker":true},{"id":"3458585998","price":85000,"qty":0.08,"timestamp":1740812765180,"isBuyerMaker":true},{"id":"3458585999","price":85000,"qty":0.29423,"timestamp":1740812765287,"isBuyerMaker":true},{"id":"3458586000","price":85000,"qty":0.01011,"timestamp":1740812765379,"isBuyerMaker":true},{"id":"3458586001","price":85000,"qty":0.034,"timestamp":1740812765396,"isBuyerMaker":true},{"id":"3458586002","price":85000,"qty":0.003,"timestamp":1740812765410,"isBuyerMaker":true},{"id":"3458586003","price":85000,"qty":0.00206,"timestamp":1740812765448,"isBuyerMaker":true},{"id":"3458586004","price":85000,"qty":0.03531,"timestamp":1740812765462,"isBuyerMaker":true},{"id":"3458586005","price":85000,"qty":0.00675,"timestamp":1740812765465,"isBuyerMaker":true},{"id":"3458586006","price":85000,"qty":0.04847,"timestamp":1740812765470,"isBuyerMaker":true},{"id":"3458586007","price":85000,"qty":0.00717,"timestamp":1740812765470,"isBuyerMaker":true},{"id":"3458586008","price":85000,"qty":0.09497,"timestamp":1740812765473,"isBuyerMaker":true},{"id":"3458586009","price":85000,"qty":0.03147,"timestamp":1740812765478,"isBuyerMaker":true},{"id":"3458586010","price":85000,"qty":0.0102,"timestamp":1740812765486,"isBuyerMaker":true},{"id":"3458586011","price":85000,"qty":0.0102,"timestamp":1740812765493,"isBuyerMaker":true},{"id":"3458586012","price":85000,"qty":0.00467,"timestamp":1740812765543,"isBuyerMaker":true},{"id":"3458586013","price":85000,"qty":0.0102,"timestamp":1740812765565,"isBuyerMaker":true},{"id":"3458586014","price":85000,"qty":0.01353,"timestamp":1740812765583,"isBuyerMaker":true},{"id":"3458586015","price":85000,"qty":0.0102,"timestamp":1740812765583,"isBuyerMaker":true},{"id":"3458586016","price":85000,"qty":0.0158,"timestamp":1740812765591,"isBuyerMaker":true},{"id":"3458586017","price":85000,"qty":0.0102,"timestamp":1740812765598,"isBuyerMaker":true},{"id":"3458586018","price":85000,"qty":0.09448,"timestamp":1740812765601,"isBuyerMaker":true},{"id":"3458586019","price":85000,"qty":0.0102,"timestamp":1740812765609,"isBuyerMaker":true},{"id":"3458586020","price":85000,"qty":0.00344,"timestamp":1740812765611,"isBuyerMaker":true},{"id":"3458586021","price":85000,"qty":0.02616,"timestamp":1740812765617,"isBuyerMaker":true},{"id":"3458586022","price":85000,"qty":0.0102,"timestamp":1740812765624,"isBuyerMaker":true},{"id":"3458586023","price":85000,"qty":0.026,"timestamp":1740812765632,"isBuyerMaker":true},{"id":"3458586024","price":85000,"qty":0.0102,"timestamp":1740812765641,"isBuyerMaker":true},{"id":"3458586025","price":85000,"qty":0.026,"timestamp":1740812765648,"isBuyerMaker":true},{"id":"3458586026","price":85000,"qty":0.00012,"timestamp":1740812765653,"isBuyerMaker":true},{"id":"3458586027","price":85000,"qty":0.00024,"timestamp":1740812765654,"isBuyerMaker":true},{"id":"3458586028","price":85000,"qty":0.026,"timestamp":1740812765656,"isBuyerMaker":true},{"id":"3458586029","price":85000,"qty":0.026,"timestamp":1740812765665,"isBuyerMaker":true},{"id":"3458586030","price":85000,"qty":0.01179,"timestamp":1740812765672,"isBuyerMaker":true},{"id":"3458586031","price":85000,"qty":0.03529,"timestamp":1740812765672,"isBuyerMaker":true},{"id":"3458586032","price":85000,"qty":0.03529,"timestamp":1740812765680,"isBuyerMaker":true},{"id":"3458586033","price":85000,"qty":0.02342,"timestamp":1740812765689,"isBuyerMaker":true},{"id":"3458586034","price":85000,"qty":0.00668,"timestamp":1740812765692,"isBuyerMaker":true},{"id":"3458586035","price":85000,"qty":0.00337,"timestamp":1740812765693,"isBuyerMaker":true},{"id":"3458586036","price":85000,"qty":0.00263,"timestamp":1740812765699,"isBuyerMaker":true},{"id":"3458586037","price":85000,"qty":0.011,"timestamp":1740812765725,"isBuyerMaker":true},{"id":"3458586038","price":85000,"qty":0.00295,"timestamp":1740812765754,"isBuyerMaker":true},{"id":"3458586039","price":85000,"qty":0.004,"timestamp":1740812765792,"isBuyerMaker":true},{"id":"3458586040","price":85000,"qty":0.005,"timestamp":1740812765792,"isBuyerMaker":true},{"id":"3458586041","price":85000,"qty":0.009,"timestamp":1740812765792,"isBuyerMaker":true},{"id":"3458586042","price":85000,"qty":0.01,"timestamp":1740812765793,"isBuyerMaker":true},{"id":"3458586043","price":85000,"qty":0.005,"timestamp":1740812765793,"isBuyerMaker":true},{"id":"3458586044","price":85000,"qty":0.00353,"timestamp":1740812765793,"isBuyerMaker":true},{"id":"3458586045","price":85000,"qty":0.00353,"timestamp":1740812765793,"isBuyerMaker":true},{"id":"3458586046","price":85000,"qty":0.2136,"timestamp":1740812765794,"isBuyerMaker":true},{"id":"3458586047","price":85000,"qty":0.17641,"timestamp":1740812765794,"isBuyerMaker":true},{"id":"3458586048","price":85000,"qty":0.6493,"timestamp":1740812765794,"isBuyerMaker":true},{"id":"3458586049","price":85000,"qty":0.071,"timestamp":1740812765794,"isBuyerMaker":true},{"id":"3458586050","price":85000,"qty":0.15971,"timestamp":1740812765794,"isBuyerMaker":true},{"id":"3458586051","price":85000,"qty":0.00353,"timestamp":1740812765794,"isBuyerMaker":true},{"id":"3458586052","price":85000,"qty":0.57165,"timestamp":1740812765794,"isBuyerMaker":true},{"id":"3458586053","price":85000,"qty":0.03835,"timestamp":1740812765795,"isBuyerMaker":true},{"id":"3458586054","price":85000,"qty":1.43419,"timestamp":1740812765795,"isBuyerMaker":true},{"id":"3458586055","price":85000,"qty":0.059,"timestamp":1740812765795,"isBuyerMaker":true},{"id":"3458586056","price":85000,"qty":0.02104,"timestamp":1740812765795,"isBuyerMaker":true},{"id":"3458586057","price":85000,"qty":0.00353,"timestamp":1740812765795,"isBuyerMaker":true},{"id":"3458586058","price":85000,"qty":4.2651,"timestamp":1740812765795,"isBuyerMaker":true},{"id":"3458586059","price":85000,"qty":0.25407,"timestamp":1740812765795,"isBuyerMaker":true},{"id":"3458586060","price":85000,"qty":0.04285,"timestamp":1740812765795,"isBuyerMaker":true},{"id":"3458586061","price":85000,"qty":0.03154,"timestamp":1740812765795,"isBuyerMaker":true},{"id":"3458586062","price":85000,"qty":0.2976,"timestamp":1740812765795,"isBuyerMaker":true},{"id":"3458586063","price":85000,"qty":0.188,"timestamp":1740812765795,"isBuyerMaker":true},{"id":"3458586064","price":85000,"qty":0.0567,"timestamp":1740812765795,"isBuyerMaker":true},{"id":"3458586065","price":85000,"qty":0.12308,"timestamp":1740812765795,"isBuyerMaker":true},{"id":"3458586066","price":85000,"qty":0.01754,"timestamp":1740812765795,"isBuyerMaker":true},{"id":"3458586067","price":85000,"qty":0.34618,"timestamp":1740812765795,"isBuyerMaker":true},{"id":"3458586068","price":85000,"qty":0.03397,"timestamp":1740812765795,"isBuyerMaker":true},{"id":"3458586069","price":85000,"qty":0.08581,"timestamp":1740812765795,"isBuyerMaker":true},{"id":"3458586070","price":85000,"qty":0.04527,"timestamp":1740812765795,"isBuyerMaker":true},{"id":"3458586071","price":85000,"qty":1.20721,"timestamp":1740812765795,"isBuyerMaker":true},{"id":"3458586072","price":85000,"qty":0.02144,"timestamp":1740812765795,"isBuyerMaker":true},{"id":"3458586073","price":85000,"qty":0.10135,"timestamp":1740812765796,"isBuyerMaker":true},{"id":"3458586074","price":85000,"qty":0.07649,"timestamp":1740812765796,"isBuyerMaker":true},{"id":"3458586075","price":85000,"qty":0.02212,"timestamp":1740812765796,"isBuyerMaker":true},{"id":"3458586076","price":85000,"qty":0.11344,"timestamp":1740812765796,"isBuyerMaker":true},{"id":"3458586077","price":85000,"qty":0.05013,"timestamp":1740812765796,"isBuyerMaker":true},{"id":"3458586078","price":85000,"qty":0.0238,"timestamp":1740812765796,"isBuyerMaker":true},{"id":"3458586079","price":85000,"qty":0.07367,"timestamp":1740812765796,"isBuyerMaker":true},{"id":"3458586080","price":85000,"qty":0.21541,"timestamp":1740812765796,"isBuyerMaker":true},{"id":"3458586081","price":85000,"qty":0.07747,"timestamp":1740812765796,"isBuyerMaker":true},{"id":"3458586082","price":85000,"qty":0.00391,"timestamp":1740812765796,"isBuyerMaker":true},{"id":"3458586083","price":85000,"qty":0.0022,"timestamp":1740812765796,"isBuyerMaker":true},{"id":"3458586084","price":85000,"qty":0.0022,"timestamp":1740812765796,"isBuyerMaker":true},{"id":"3458586085","price":85000,"qty":0.0022,"timestamp":1740812765796,"isBuyerMaker":true},{"id":"3458586086","price":85000,"qty":0.0001,"timestamp":1740812765796,"isBuyerMaker":true},{"id":"3458586087","price":85000,"qty":0.4137,"timestamp":1740812765796,"isBuyerMaker":true},{"id":"3458586088","price":85000,"qty":0.0022,"timestamp":1740812765796,"isBuyerMaker":true},{"id":"3458586089","price":85000,"qty":0.01879,"timestamp":1740812765796,"isBuyerMaker":true},{"id":"3458586090","price":85000,"qty":0.04,"timestamp":1740812765796,"isBuyerMaker":true},{"id":"3458586091","price":85000,"qty":0.04892,"timestamp":1740812765796,"isBuyerMaker":true},{"id":"3458586092","price":85000,"qty":0.0022,"timestamp":1740812765796,"isBuyerMaker":true},{"id":"3458586093","price":85000,"qty":0.0022,"timestamp":1740812765796,"isBuyerMaker":true},{"id":"3458586094","price":85000,"qty":0.0022,"timestamp":1740812765796,"isBuyerMaker":true},{"id":"3458586095","price":85000,"qty":0.0022,"timestamp":1740812765796,"isBuyerMaker":true},{"id":"3458586096","price":85000,"qty":0.11701,"timestamp":1740812765796,"isBuyerMaker":true},{"id":"3458586097","price":85000,"qty":0.0022,"timestamp":1740812765796,"isBuyerMaker":true},{"id":"3458586098","price":85000,"qty":0.0022,"timestamp":1740812765796,"isBuyerMaker":true},{"id":"3458586099","price":85000,"qty":0.0022,"timestamp":1740812765796,"isBuyerMaker":true},{"id":"3458586100","price":85000,"qty":0.0022,"timestamp":1740812765796,"isBuyerMaker":true},{"id":"3458586101","price":85000,"qty":0.0022,"timestamp":1740812765796,"isBuyerMaker":true},{"id":"3458586102","price":85000,"qty":0.0022,"timestamp":1740812765796,"isBuyerMaker":true},{"id":"3458586103","price":85000,"qty":0.0022,"timestamp":1740812765796,"isBuyerMaker":true},{"id":"3458586104","price":85000,"qty":0.03808,"timestamp":1740812765796,"isBuyerMaker":true},{"id":"3458586105","price":85000,"qty":0.06084,"timestamp":1740812765797,"isBuyerMaker":true},{"id":"3458586106","price":85000,"qty":0.09437,"timestamp":1740812765797,"isBuyerMaker":true},{"id":"3458586107","price":85000,"qty":0.0022,"timestamp":1740812765797,"isBuyerMaker":true},{"id":"3458586108","price":85000,"qty":0.04903,"timestamp":1740812765797,"isBuyerMaker":true},{"id":"3458586109","price":85000,"qty":0.0022,"timestamp":1740812765797,"isBuyerMaker":true},{"id":"3458586110","price":85000,"qty":0.0022,"timestamp":1740812765797,"isBuyerMaker":true},{"id":"3458586111","price":85000,"qty":0.0022,"timestamp":1740812765797,"isBuyerMaker":true},{"id":"3458586112","price":85000,"qty":0.0022,"timestamp":1740812765797,"isBuyerMaker":true},{"id":"3458586113","price":85000,"qty":0.05048,"timestamp":1740812765797,"isBuyerMaker":true},{"id":"3458586114","price":85000,"qty":0.04693,"timestamp":1740812765797,"isBuyerMaker":true},{"id":"3458586115","price":85000,"qty":0.03744,"timestamp":1740812765797,"isBuyerMaker":true},{"id":"3458586116","price":85000,"qty":0.06525,"timestamp":1740812765797,"isBuyerMaker":true},{"id":"3458586117","price":85000,"qty":0.25783,"timestamp":1740812765797,"isBuyerMaker":true},{"id":"3458586118","price":85000,"qty":0.08843,"timestamp":1740812765797,"isBuyerMaker":true},{"id":"3458586119","price":85000,"qty":0.02972,"timestamp":1740812765797,"isBuyerMaker":true},{"id":"3458586120","price":85000,"qty":0.0022,"timestamp":1740812765797,"isBuyerMaker":true},{"id":"3458586121","price":85000,"qty":0.05447,"timestamp":1740812765797,"isBuyerMaker":true},{"id":"3458586122","price":85000,"qty":0.04316,"timestamp":1740812765797,"isBuyerMaker":true},{"id":"3458586123","price":85000,"qty":0.01254,"timestamp":1740812765797,"isBuyerMaker":true},{"id":"3458586124","price":85000,"qty":0.0022,"timestamp":1740812765797,"isBuyerMaker":true},{"id":"3458586125","price":85000,"qty":0.1515,"timestamp":1740812765798,"isBuyerMaker":true},{"id":"3458586126","price":85000,"qty":0.945,"timestamp":1740812765798,"isBuyerMaker":true},{"id":"3458586127","price":85000,"qty":0.04714,"timestamp":1740812765798,"isBuyerMaker":true},{"id":"3458586128","price":85000,"qty":0.01953,"timestamp":1740812765798,"isBuyerMaker":true},{"id":"3458586129","price":85000,"qty":0.056,"timestamp":1740812765798,"isBuyerMaker":true},{"id":"3458586130","price":85000,"qty":0.01952,"timestamp":1740812765798,"isBuyerMaker":true},{"id":"3458586131","price":85000,"qty":2.308,"timestamp":1740812765798,"isBuyerMaker":true},{"id":"3458586132","price":85000,"qty":0.0022,"timestamp":1740812765798,"isBuyerMaker":true},{"id":"3458586133","price":85000,"qty":0.054,"timestamp":1740812765798,"isBuyerMaker":true},{"id":"3458586134","price":85000,"qty":0.04368,"timestamp":1740812765798,"isBuyerMaker":true},{"id":"3458586135","price":85000,"qty":0.092,"timestamp":1740812765798,"isBuyerMaker":true},{"id":"3458586136","price":85000,"qty":0.57,"timestamp":1740812765798,"isBuyerMaker":true},{"id":"3458586137","price":85000,"qty":0.188,"timestamp":1740812765798,"isBuyerMaker":true},{"id":"3458586138","price":85000,"qty":0.618,"timestamp":1740812765798,"isBuyerMaker":true},{"id":"3458586139","price":85000,"qty":0.059,"timestamp":1740812765799,"isBuyerMaker":true},{"id":"3458586140","price":85000,"qty":0.00254,"timestamp":1740812765799,"isBuyerMaker":true},{"id":"3458586141","price":85000,"qty":0.0022,"timestamp":1740812765799,"isBuyerMaker":true},{"id":"3458586142","price":85000,"qty":0.059,"timestamp":1740812765799,"isBuyerMaker":true},{"id":"3458586143","price":85000,"qty":0.945,"timestamp":1740812765799,"isBuyerMaker":true},{"id":"3458586144","price":85000,"qty":0.059,"timestamp":1740812765799,"isBuyerMaker":true},{"id":"3458586145","price":85000,"qty":0.945,"timestamp":1740812765799,"isBuyerMaker":true},{"id":"3458586146","price":85000,"qty":0.0692,"timestamp":1740812765799,"isBuyerMaker":true},{"id":"3458586147","price":85000,"qty":0.07045,"timestamp":1740812765799,"isBuyerMaker":true},{"id":"3458586148","price":85000,"qty":0.06478,"timestamp":1740812765800,"isBuyerMaker":true},{"id":"3458586149","price":85000,"qty":0.02327,"timestamp":1740812765800,"isBuyerMaker":true},{"id":"3458586150","price":85000,"qty":0.03806,"timestamp":1740812765800,"isBuyerMaker":true},{"id":"3458586151","price":85000,"qty":0.06346,"timestamp":1740812765800,"isBuyerMaker":true},{"id":"3458586152","price":85000,"qty":0.0101,"timestamp":1740812765800,"isBuyerMaker":true},{"id":"3458586153","price":85000,"qty":0.059,"timestamp":1740812765800,"isBuyerMaker":true},{"id":"3458586154","price":85000,"qty":0.01866,"timestamp":1740812765800,"isBuyerMaker":true},{"id":"3458586155","price":85000,"qty":0.0316,"timestamp":1740812765800,"isBuyerMaker":true},{"id":"3458586156","price":85000,"qty":0.00814,"timestamp":1740812765800,"isBuyerMaker":true},{"id":"3458586157","price":85000,"qty":0.00814,"timestamp":1740812765800,"isBuyerMaker":true},{"id":"3458586158","price":85000,"qty":0.0057,"timestamp":1740812765801,"isBuyerMaker":true},{"id":"3458586159","price":85000,"qty":0.01176,"timestamp":1740812765801,"isBuyerMaker":true},{"id":"3458586160","price":85000,"qty":0.0294,"timestamp":1740812765801,"isBuyerMaker":true},{"id":"3458586161","price":85000,"qty":0.0294,"timestamp":1740812765801,"isBuyerMaker":true},{"id":"3458586162","price":85000,"qty":0.00594,"timestamp":1740812765801,"isBuyerMaker":true},{"id":"3458586163","price":85000,"qty":0.03214,"timestamp":1740812765801,"isBuyerMaker":true},{"id":"3458586164","price":85000,"qty":0.00353,"timestamp":1740812765801,"isBuyerMaker":true},{"id":"3458586165","price":85000,"qty":0.00319,"timestamp":1740812765801,"isBuyerMaker":true},{"id":"3458586166","price":85000,"qty":0.00353,"timestamp":1740812765801,"isBuyerMaker":true},{"id":"3458586167","price":85000,"qty":0.0228,"timestamp":1740812765801,"isBuyerMaker":true},{"id":"3458586168","price":85000,"qty":0.01629,"timestamp":1740812765801,"isBuyerMaker":true},{"id":"3458586169","price":85000,"qty":0.059,"timestamp":1740812765801,"isBuyerMaker":true},{"id":"3458586170","price":85000,"qty":0.0162,"timestamp":1740812765801,"isBuyerMaker":true},{"id":"3458586171","price":85000,"qty":0.0431,"timestamp":1740812765801,"isBuyerMaker":true},{"id":"3458586172","price":85000,"qty":0.07547,"timestamp":1740812765802,"isBuyerMaker":true},{"id":"3458586173","price":85000,"qty":0.0022,"timestamp":1740812765802,"isBuyerMaker":true},{"id":"3458586174","price":85000,"qty":0.945,"timestamp":1740812765802,"isBuyerMaker":true},{"id":"3458586175","price":85000,"qty":0.00353,"timestamp":1740812765802,"isBuyerMaker":true},{"id":"3458586176","price":85000,"qty":0.0022,"timestamp":1740812765802,"isBuyerMaker":true},{"id":"3458586177","price":85000,"qty":0.00353,"timestamp":1740812765802,"isBuyerMaker":true},{"id":"3458586178","price":85000,"qty":0.02371,"timestamp":1740812765802,"isBuyerMaker":true},{"id":"3458586179","price":85000,"qty":0.00353,"timestamp":1740812765802,"isBuyerMaker":true},{"id":"3458586180","price":85000,"qty":0.00353,"timestamp":1740812765802,"isBuyerMaker":true},{"id":"3458586181","price":85000,"qty":0.03616,"timestamp":1740812765802,"isBuyerMaker":true},{"id":"3458586182","price":85000,"qty":0.08963,"timestamp":1740812765803,"isBuyerMaker":true},{"id":"3458586183","price":85000,"qty":0.0228,"timestamp":1740812765803,"isBuyerMaker":true},{"id":"3458586184","price":85000,"qty":0.05152,"timestamp":1740812765803,"isBuyerMaker":true},{"id":"3458586185","price":85000,"qty":0.0228,"timestamp":1740812765803,"isBuyerMaker":true},{"id":"3458586186","price":85000,"qty":0.0022,"timestamp":1740812765805,"isBuyerMaker":true},{"id":"3458586187","price":85000,"qty":0.00395,"timestamp":1740812765805,"isBuyerMaker":true},{"id":"3458586188","price":85000,"qty":0.21599,"timestamp":1740812765808,"isBuyerMaker":true},{"id":"3458586189","price":85000,"qty":0.16224,"timestamp":1740812765809,"isBuyerMaker":true},{"id":"3458586190","price":85000,"qty":0.005,"timestamp":1740812765809,"isBuyerMaker":true},{"id":"3458586191","price":85000,"qty":0.01,"timestamp":1740812765810,"isBuyerMaker":true},{"id":"3458586192","price":85000,"qty":0.04,"timestamp":1740812765810,"isBuyerMaker":true},{"id":"3458586193","price":85000,"qty":0.01,"timestamp":1740812765810,"isBuyerMaker":true},{"id":"3458586194","price":85000,"qty":0.945,"timestamp":1740812765810,"isBuyerMaker":true},{"id":"3458586195","price":85000,"qty":0.00353,"timestamp":1740812765810,"isBuyerMaker":true},{"id":"3458586196","price":85000,"qty":0.05425,"timestamp":1740812765810,"isBuyerMaker":true},{"id":"3458586197","price":85000,"qty":0.02129,"timestamp":1740812765810,"isBuyerMaker":true},{"id":"3458586198","price":85000,"qty":0.07135,"timestamp":1740812765810,"isBuyerMaker":true},{"id":"3458586199","price":85000,"qty":0.08394,"timestamp":1740812765810,"isBuyerMaker":true},{"id":"3458586200","price":85000,"qty":0.00353,"timestamp":1740812765811,"isBuyerMaker":true},{"id":"3458586201","price":85000,"qty":0.16052,"timestamp":1740812765811,"isBuyerMaker":true},{"id":"3458586202","price":85000,"qty":0.05961,"timestamp":1740812765811,"isBuyerMaker":true},{"id":"3458586203","price":85000,"qty":0.01949,"timestamp":1740812765811,"isBuyerMaker":true},{"id":"3458586204","price":85000,"qty":0.13211,"timestamp":1740812765811,"isBuyerMaker":true},{"id":"3458586205","price":85000,"qty":0.03837,"timestamp":1740812765811,"isBuyerMaker":true},{"id":"3458586206","price":85000,"qty":0.00939,"timestamp":1740812765811,"isBuyerMaker":true},{"id":"3458586207","price":85000,"qty":0.07481,"timestamp":1740812765811,"isBuyerMaker":true},{"id":"3458586208","price":85000,"qty":0.01075,"timestamp":1740812765811,"isBuyerMaker":true},{"id":"3458586209","price":85000,"qty":0.4137,"timestamp":1740812765811,"isBuyerMaker":true},{"id":"3458586210","price":85000,"qty":1.2072,"timestamp":1740812765811,"isBuyerMaker":true},{"id":"3458586211","price":85000,"qty":0.27609,"timestamp":1740812765811,"isBuyerMaker":true},{"id":"3458586212","price":85000,"qty":0.01967,"timestamp":1740812765811,"isBuyerMaker":true},{"id":"3458586213","price":85000,"qty":0.07,"timestamp":1740812765811,"isBuyerMaker":true},{"id":"3458586214","price":85000,"qty":0.02243,"timestamp":1740812765812,"isBuyerMaker":true},{"id":"3458586215","price":85000,"qty":0.01317,"timestamp":1740812765812,"isBuyerMaker":true},{"id":"3458586216","price":85000,"qty":0.04323,"timestamp":1740812765812,"isBuyerMaker":true}]}