{"label":"spike_2_vol_count","ts_ms":1740824580000,"historical":[{"id":"3458800077","price":84977.39,"qty":0.00006,"timestamp":1740824567874,"isBuyerMaker":false},{"id":"3458800078","price":84977.57,"qty":0.03659,"timestamp":1740824567874,"isBuyerMaker":false},{"id":"3458800079","price":84980,"qty":0.09041,"timestamp":1740824567874,"isBuyerMaker":false},{"id":"3458800080","price":84980.71,"qty":0.027,"timestamp":1740824567874,"isBuyerMaker":false},{"id":"3458800081","price":84981.58,"qty":0.00006,"timestamp":1740824567874,"isBuyerMaker":false},{"id":"3458800082","price":84981.88,"qty":0.00009,"timestamp":1740824567874,"isBuyerMaker":false},{"id":"3458800083","price":84982.86,"qty":0.09035,"timestamp":1740824567874,"isBuyerMaker":false},{"id":"3458800084","price":84964.71,"qty":0.00149,"timestamp":1740824567877,"isBuyerMaker":true},{"id":"3458800085","price":84964.71,"qty":0.00791,"timestamp":1740824567900,"isBuyerMaker":true},{"id":"3458800086","price":84964.71,"qty":0.00224,"timestamp":1740824567901,"isBuyerMaker":true},{"id":"3458800087","price":84964.97,"qty":0.00057,"timestamp":1740824567909,"isBuyerMaker":false},{"id":"3458800088","price":84966.34,"qty":0.039,"timestamp":1740824567912,"isBuyerMaker":false},{"id":"3458800089","price":84965,"qty":0.00012,"timestamp":1740824567932,"isBuyerMaker":false},{"id":"3458800090","price":84970.58,"qty":0.04147,"timestamp":1740824567948,"isBuyerMaker":false},{"id":"3458800091","price":84972.04,"qty":0.00057,"timestamp":1740824567948,"isBuyerMaker":false},{"id":"3458800092","price":84973.36,"qty":0.04006,"timestamp":1740824567948,"isBuyerMaker":false},{"id":"3458800093","price":84973.57,"qty":0.00114,"timestamp":1740824567948,"isBuyerMaker":false},{"id":"3458800094","price":84974.83,"qty":0.03647,"timestamp":1740824567960,"isBuyerMaker":true},{"id":"3458800095","price":84974.83,"qty":0.02162,"timestamp":1740824567969,"isBuyerMaker":true},{"id":"3458800096","price":84970.59,"qty":0.01485,"timestamp":1740824567969,"isBuyerMaker":true},{"id":"3458800097","price":84970.59,"qty":0.02653,"timestamp":1740824567976,"isBuyerMaker":true},{"id":"3458800098","price":84970.01,"qty":0.00994,"timestamp":1740824567976,"isBuyerMaker":true},{"id":"3458800099","price":84970.01,"qty":0.03647,"timestamp":1740824567986,"isBuyerMaker":true},{"id":"3458800100","price":84970.01,"qty":0.00548,"timestamp":1740824568000,"isBuyerMaker":true},{"id":"3458800101","price":84973.2,"qty":0.00006,"timestamp":1740824568013,"isBuyerMaker":false},{"id":"3458800102","price":84973.37,"qty":0.00009,"timestamp":1740824568013,"isBuyerMaker":false},{"id":"3458800103","price":84971.43,"qty":0.00009,"timestamp":1740824568017,"isBuyerMaker":false},{"id":"3458800104","price":84971.43,"qty":0.09,"timestamp":1740824568019,"isBuyerMaker":true},{"id":"3458800105","price":84971.43,"qty":0.0001,"timestamp":1740824568024,"isBuyerMaker":true},{"id":"3458800106","price":84977.04,"qty":0.002,"timestamp":1740824568032,"isBuyerMaker":false},{"id":"3458800107","price":84977.05,"qty":0.07061,"timestamp":1740824568032,"isBuyerMaker":false},{"id":"3458800108","price":84980,"qty":0.00006,"timestamp":1740824568032,"isBuyerMaker":false},{"id":"3458800109","price":84980.93,"qty":0.00008,"timestamp":1740824568032,"isBuyerMaker":false},{"id":"3458800110","price":84981.88,"qty":0.00009,"timestamp":1740824568032,"isBuyerMaker":false},{"id":"3458800111","price":84972.03,"qty":0.00661,"timestamp":1740824568034,"isBuyerMaker":true},{"id":"3458800112","price":84972.03,"qty":0.00348,"timestamp":1740824568044,"isBuyerMaker":true},{"id":"3458800113","price":84983.32,"qty":0.0001,"timestamp":1740824568060,"isBuyerMaker":false},{"id":"3458800114","price":84983.99,"qty":0.00006,"timestamp":1740824568060,"isBuyerMaker":false},{"id":"3458800115","price":84985.52,"qty":0.0001,"timestamp":1740824568060,"isBuyerMaker":false},{"id":"3458800116","price":84983.32,"qty":0.00448,"timestamp":1740824568069,"isBuyerMaker":true},{"id":"3458800117","price":84983.32,"qty":0.01811,"timestamp":1740824568076,"isBuyerMaker":true},{"id":"3458800118","price":84983.32,"qty":0.03089,"timestamp":1740824568080,"isBuyerMaker":true},{"id":"3458800119","price":84983.32,"qty":0.00487,"timestamp":1740824568096,"isBuyerMaker":true},{"id":"3458800120","price":84983.32,"qty":0.01186,"timestamp":1740824568111,"isBuyerMaker":true},{"id":"3458800121","price":84985.52,"qty":0.00001,"timestamp":1740824568113,"isBuyerMaker":false},{"id":"3458800122","price":84985.75,"qty":0.00021,"timestamp":1740824568113,"isBuyerMaker":false},{"id":"3458800123","price":84985.77,"qty":0.00006,"timestamp":1740824568113,"isBuyerMaker":false},{"id":"3458800124","price":84986.12,"qty":0.00031,"timestamp":1740824568113,"isBuyerMaker":false},{"id":"3458800125","price":84985.75,"qty":0.03647,"timestamp":1740824568118,"isBuyerMaker":true},{"id":"3458800126","price":84985.75,"qty":0.03647,"timestamp":1740824568123,"isBuyerMaker":true},{"id":"3458800127","price":84985.75,"qty":0.03647,"timestamp":1740824568125,"isBuyerMaker":true},{"id":"3458800128","price":84986.12,"qty":0.00118,"timestamp":1740824568125,"isBuyerMaker":false},{"id":"3458800129","price":84985.75,"qty":0.03647,"timestamp":1740824568133,"isBuyerMaker":true},{"id":"3458800130","price":84985.75,"qty":0.01153,"timestamp":1740824568136,"isBuyerMaker":true},{"id":"3458800131","price":84985.75,"qty":0.03096,"timestamp":1740824568137,"isBuyerMaker":true},{"id":"3458800132","price":84985.75,"qty":0.03647,"timestamp":1740824568137,"isBuyerMaker":true},{"id":"3458800133","price":84985.75,"qty":0.03647,"timestamp":1740824568137,"isBuyerMaker":true},{"id":"3458800134","price":84986.12,"qty":0.00118,"timestamp":1740824568146,"isBuyerMaker":false},{"id":"3458800135","price":84985.76,"qty":0.00166,"timestamp":1740824568155,"isBuyerMaker":true},{"id":"3458800136","price":84986.12,"qty":0.00033,"timestamp":1740824568165,"isBuyerMaker":false},{"id":"3458800137","price":84986.2,"qty":0.00012,"timestamp":1740824568165,"isBuyerMaker":false},{"id":"3458800138","price":84989.95,"qty":0.00012,"timestamp":1740824568165,"isBuyerMaker":false},{"id":"3458800139","price":84989.96,"qty":0.00006,"timestamp":1740824568165,"isBuyerMaker":false},{"id":"3458800140","price":84989.99,"qty":0.00021,"timestamp":1740824568165,"isBuyerMaker":false},{"id":"3458800141","price":84990,"qty":0.00034,"timestamp":1740824568165,"isBuyerMaker":false},{"id":"3458800142","price":84989.99,"qty":0.02595,"timestamp":1740824568237,"isBuyerMaker":true},{"id":"3458800143","price":84990,"qty":0.00036,"timestamp":1740824568240,"isBuyerMaker":false},{"id":"3458800144","price":84990,"qty":0.00353,"timestamp":1740824568284,"isBuyerMaker":false},{"id":"3458800145","price":84990,"qty":0.00351,"timestamp":1740824568284,"isBuyerMaker":false},{"id":"3458800146","price":84990.01,"qty":0.00002,"timestamp":1740824568284,"isBuyerMaker":false},{"id":"3458800147","price":84990.01,"qty":0.0007,"timestamp":1740824568284,"isBuyerMaker":false},{"id":"3458800148","price":84990.02,"qty":0.00283,"timestamp":1740824568284,"isBuyerMaker":false},{"id":"3458800149","price":84990.02,"qty":0.00353,"timestamp":1740824568284,"isBuyerMaker":false},{"id":"3458800150","price":84990.02,"qty":0.00353,"timestamp":1740824568284,"isBuyerMaker":false},{"id":"3458800151","price":84990.02,"qty":0.00353,"timestamp":1740824568284,"isBuyerMaker":false},{"id":"3458800152","price":84990.02,"qty":0.00353,"timestamp":1740824568284,"isBuyerMaker":false},{"id":"3458800153","price":84990.02,"qty":0.00146,"timestamp":1740824568284,"isBuyerMaker":false},{"id":"3458800154","price":84990.09,"qty":0.00207,"timestamp":1740824568284,"isBuyerMaker":false},{"id":"3458800155","price":84990.09,"qty":0.00353,"timestamp":1740824568284,"isBuyerMaker":false},{"id":"3458800156","price":84990.09,"qty":0.00353,"timestamp":1740824568284,"isBuyerMaker":false},{"id":"3458800157","price":84990.09,"qty":0.00353,"timestamp":1740824568284,"isBuyerMaker":false},{"id":"3458800158","price":84990.09,"qty":0.00353,"timestamp":1740824568285,"isBuyerMaker":false},{"id":"3458800159","price":84990.09,"qty":0.00149,"timestamp":1740824568285,"isBuyerMaker":false},{"id":"3458800160","price":84990.36,"qty":0.00009,"timestamp":1740824568285,"isBuyerMaker":false},{"id":"3458800161","price":84990.39,"qty":0.00009,"timestamp":1740824568285,"isBuyerMaker":false},{"id":"3458800162","price":84991.24,"qty":0.001,"timestamp":1740824568285,"isBuyerMaker":false},{"id":"3458800163","price":84992.65,"qty":0.00086,"timestamp":1740824568285,"isBuyerMaker":false},{"id":"3458800164","price":84992.65,"qty":0.03423,"timestamp":1740824568285,"isBuyerMaker":false},{"id":"3458800165","price":84990,"qty":0.00353,"timestamp":1740824568286,"isBuyerMaker":false},{"id":"3458800166","price":84990,"qty":0.00353,"timestamp":1740824568286,"isBuyerMaker":false},{"id":"3458800167","price":84990,"qty":0.00353,"timestamp":1740824568286,"isBuyerMaker":false},{"id":"3458800168","price":84990,"qty":0.00353,"timestamp":1740824568287,"isBuyerMaker":false},{"id":"3458800169","price":84990,"qty":0.00117,"timestamp":1740824568321,"isBuyerMaker":false},{"id":"3458800170","price":84990,"qty":0.1178,"timestamp":1740824568368,"isBuyerMaker":false},{"id":"3458800171","price":84990.02,"qty":0.00014,"timestamp":1740824568368,"isBuyerMaker":false},{"id":"3458800172","price":84990.03,"qty":0.00015,"timestamp":1740824568368,"isBuyerMaker":false},{"id":"3458800173","price":84992.64,"qty":0.00043,"timestamp":1740824568372,"isBuyerMaker":false},{"id":"3458800174","price":84994.15,"qty":0.00006,"timestamp":1740824568375,"isBuyerMaker":false},{"id":"3458800175","price":84994.31,"qty":0.00021,"timestamp":1740824568375,"isBuyerMaker":false},{"id":"3458800176","price":84994.62,"qty":0.003,"timestamp":1740824568375,"isBuyerMaker":false},{"id":"3458800177","price":84997.94,"qty":0.00149,"timestamp":1740824568378,"isBuyerMaker":true},{"id":"3458800178","price":84998.34,"qty":0.00006,"timestamp":1740824568380,"isBuyerMaker":false},{"id":"3458800179","price":84998.54,"qty":0.00994,"timestamp":1740824568380,"isBuyerMaker":false},{"id":"3458800180","price":84998.52,"qty":0.00163,"timestamp":1740824568393,"isBuyerMaker":false},{"id":"3458800181","price":84998.9,"qty":0.00009,"timestamp":1740824568393,"isBuyerMaker":false},{"id":"3458800182","price":84999.99,"qty":0.00021,"timestamp":1740824568396,"isBuyerMaker":false},{"id":"3458800183","price":85000,"qty":0.071,"timestamp":1740824568396,"isBuyerMaker":false},{"id":"3458800184","price":85000.01,"qty":0.05764,"timestamp":1740824568396,"isBuyerMaker":false},{"id":"3458800185","price":85000,"qty":0.00292,"timestamp":1740824568421,"isBuyerMaker":true},{"id":"3458800186","price":85000.01,"qty":0.00071,"timestamp":1740824568438,"isBuyerMaker":false},{"id":"3458800187","price":85000.01,"qty":0.10034,"timestamp":1740824568463,"isBuyerMaker":false},{"id":"3458800188","price":85000.01,"qty":0.05532,"timestamp":1740824568466,"isBuyerMaker":false},{"id":"3458800189","price":85000.2,"qty":0.00531,"timestamp":1740824568466,"isBuyerMaker":false},{"id":"3458800190","price":85002.53,"qty":0.00006,"timestamp":1740824568497,"isBuyerMaker":false},{"id":"3458800191","price":85004.25,"qty":0.00587,"timestamp":1740824568512,"isBuyerMaker":false},{"id":"3458800192","price":85004.26,"qty":0.00033,"timestamp":1740824568512,"isBuyerMaker":false},{"id":"3458800193","price":85004.84,"qty":0.00012,"timestamp":1740824568512,"isBuyerMaker":false},{"id":"3458800194","price":85005.41,"qty":0.00021,"timestamp":1740824568512,"isBuyerMaker":false},{"id":"3458800195","price":85006.05,"qty":0.00021,"timestamp":1740824568512,"isBuyerMaker":false},{"id":"3458800196","price":85006.06,"qty":0.0825,"timestamp":1740824568512,"isBuyerMaker":false},{"id":"3458800197","price":85006.05,"qty":0.00109,"timestamp":1740824568552,"isBuyerMaker":true},{"id":"3458800198","price":85006.05,"qty":0.004,"timestamp":1740824568587,"isBuyerMaker":true},{"id":"3458800199","price":85006.05,"qty":0.002,"timestamp":1740824568587,"isBuyerMaker":true},{"id":"3458800200","price":85006.05,"qty":0.002,"timestamp":1740824568588,"isBuyerMaker":true},{"id":"3458800201","price":85006.05,"qty":0.002,"timestamp":1740824568588,"isBuyerMaker":true},{"id":"3458800202","price":85006.05,"qty":0.006,"timestamp":1740824568588,"isBuyerMaker":true},{"id":"3458800203","price":85006.05,"qty":0.003,"timestamp":1740824568589,"isBuyerMaker":true},{"id":"3458800204","price":85006.05,"qty":0.011,"timestamp":1740824568589,"isBuyerMaker":true},{"id":"3458800205","price":85006.05,"qty":0.015,"timestamp":1740824568590,"isBuyerMaker":true},{"id":"3458800206","price":85006.05,"qty":0.015,"timestamp":1740824568590,"isBuyerMaker":true},{"id":"3458800207","price":85006.05,"qty":0.032,"timestamp":1740824568590,"isBuyerMaker":true},{"id":"3458800208","price":85006.05,"qty":0.002,"timestamp":1740824568591,"isBuyerMaker":true},{"id":"3458800209","price":85006.05,"qty":0.00785,"timestamp":1740824568600,"isBuyerMaker":true},{"id":"3458800210","price":85006.05,"qty":0.27286,"timestamp":1740824568617,"isBuyerMaker":true},{"id":"3458800211","price":85006.05,"qty":0.00026,"timestamp":1740824568631,"isBuyerMaker":true},{"id":"3458800212","price":85006.06,"qty":0.00403,"timestamp":1740824568676,"isBuyerMaker":false},{"id":"3458800213","price":85006.05,"qty":0.00838,"timestamp":1740824568684,"isBuyerMaker":true},{"id":"3458800214","price":85006.05,"qty":0.01042,"timestamp":1740824568701,"isBuyerMaker":true},{"id":"3458800215","price":85006.05,"qty":0.00828,"timestamp":1740824568715,"isBuyerMaker":true},{"id":"3458800216","price":85006.05,"qty":0.00227,"timestamp":1740824568736,"isBuyerMaker":true},{"id":"3458800217","price":85006.05,"qty":0.00117,"timestamp":1740824568744,"isBuyerMaker":true},{"id":"3458800218","price":85006.05,"qty":0.03431,"timestamp":1740824568770,"isBuyerMaker":true},{"id":"3458800219","price":85006.05,"qty":0.02084,"timestamp":1740824568840,"isBuyerMaker":true},{"id":"3458800220","price":85006.05,"qty":0.03524,"timestamp":1740824568865,"isBuyerMaker":true},{"id":"3458800221","price":85006.05,"qty":0.0102,"timestamp":1740824568872,"isBuyerMaker":true},{"id":"3458800222","price":85006.05,"qty":0.03126,"timestamp":1740824568880,"isBuyerMaker":true},{"id":"3458800223","price":85006.05,"qty":0.1098,"timestamp":1740824568884,"isBuyerMaker":true},{"id":"3458800224","price":85006.04,"qty":0.00007,"timestamp":1740824568888,"isBuyerMaker":true},{"id":"3458800225","price":85005.98,"qty":0.00021,"timestamp":1740824568897,"isBuyerMaker":true},{"id":"3458800226","price":85005.95,"qty":0.00022,"timestamp":1740824568899,"isBuyerMaker":true},{"id":"3458800227","price":85005.78,"qty":0.00007,"timestamp":1740824568909,"isBuyerMaker":true},{"id":"3458800228","price":85005.7,"qty":0.00014,"timestamp":1740824568909,"isBuyerMaker":true},{"id":"3458800229","price":85005.24,"qty":1.00043,"timestamp":1740824568917,"isBuyerMaker":true},{"id":"3458800230","price":85005.24,"qty":0.09369,"timestamp":1740824568920,"isBuyerMaker":true},{"id":"3458800231","price":85005.24,"qty":0.09367,"timestamp":1740824568923,"isBuyerMaker":true},{"id":"3458800232","price":85005.12,"qty":0.00117,"timestamp":1740824568930,"isBuyerMaker":false},{"id":"3458800233","price":85005.11,"qty":0.00007,"timestamp":1740824568953,"isBuyerMaker":true},{"id":"3458800234","price":85005.05,"qty":0.00007,"timestamp":1740824568953,"isBuyerMaker":true},{"id":"3458800235","price":85004.39,"qty":0.00007,"timestamp":1740824568953,"isBuyerMaker":true},{"id":"3458800236","price":85004.37,"qty":0.00007,"timestamp":1740824568953,"isBuyerMaker":true},{"id":"3458800237","price":85004.36,"qty":0.00007,"timestamp":1740824568953,"isBuyerMaker":true},{"id":"3458800238","price":85004,"qty":0.00007,"timestamp":1740824568953,"isBuyerMaker":true},{"id":"3458800239","price":85003.54,"qty":0.00013,"timestamp":1740824568953,"isBuyerMaker":true},{"id":"3458800240","price":85003.39,"qty":0.00007,"timestamp":1740824568953,"isBuyerMaker":true},{"id":"3458800241","price":85003.38,"qty":0.00007,"timestamp":1740824568953,"isBuyerMaker":true},{"id":"3458800242","price":85002.53,"qty":0.00136,"timestamp":1740824568953,"isBuyerMaker":true},{"id":"3458800243","price":85002.53,"qty":0.00205,"timestamp":1740824568953,"isBuyerMaker":true},{"id":"3458800244","price":85002.53,"qty":0.00116,"timestamp":1740824568961,"isBuyerMaker":true},{"id":"3458800245","price":85002.54,"qty":0.00031,"timestamp":1740824568985,"isBuyerMaker":false},{"id":"3458800246","price":85002.53,"qty":0.00077,"timestamp":1740824568990,"isBuyerMaker":true},{"id":"3458800247","price":85002.54,"qty":0.15,"timestamp":1740824568993,"isBuyerMaker":false},{"id":"3458800248","price":85002.53,"qty":0.00197,"timestamp":1740824569009,"isBuyerMaker":true},{"id":"3458800249","price":85002.53,"qty":0.00037,"timestamp":1740824569039,"isBuyerMaker":true},{"id":"3458800250","price":85002.54,"qty":0.00031,"timestamp":1740824569066,"isBuyerMaker":false},{"id":"3458800251","price":85002.53,"qty":0.00536,"timestamp":1740824569180,"isBuyerMaker":true},{"id":"3458800252","price":85002.53,"qty":0.002,"timestamp":1740824569207,"isBuyerMaker":true},{"id":"3458800253","price":85002.54,"qty":0.00007,"timestamp":1740824569245,"isBuyerMaker":false},{"id":"3458800254","price":85002.54,"qty":0.00013,"timestamp":1740824569281,"isBuyerMaker":false},{"id":"3458800255","price":85002.53,"qty":0.094,"timestamp":1740824569297,"isBuyerMaker":true},{"id":"3458800256","price":85002.54,"qty":0.00024,"timestamp":1740824569303,"isBuyerMaker":false},{"id":"3458800257","price":85002.54,"qty":0.00965,"timestamp":1740824569309,"isBuyerMaker":false},{"id":"3458800258","price":85002.53,"qty":0.0015,"timestamp":1740824569376,"isBuyerMaker":true},{"id":"3458800259","price":85002.54,"qty":0.00109,"timestamp":1740824569390,"isBuyerMaker":false},{"id":"3458800260","price":85002.54,"qty":0.00094,"timestamp":1740824569390,"isBuyerMaker":false},{"id":"3458800261","price":85002.54,"qty":0.00195,"timestamp":1740824569558,"isBuyerMaker":false},{"id":"3458800262","price":85002.54,"qty":0.14854,"timestamp":1740824569567,"isBuyerMaker":false},{"id":"3458800263","price":85002.54,"qty":0.00031,"timestamp":1740824569586,"isBuyerMaker":false},{"id":"3458800264","price":85002.54,"qty":0.00032,"timestamp":1740824569625,"isBuyerMaker":false},{"id":"3458800265","price":85002.54,"qty":0.00138,"timestamp":1740824569639,"isBuyerMaker":false},{"id":"3458800266","price":85002.53,"qty":0.00116,"timestamp":1740824569650,"isBuyerMaker":true},{"id":"3458800267","price":85002.53,"qty":0.00116,"timestamp":1740824569653,"isBuyerMaker":true},{"id":"3458800268","price":85002.54,"qty":0.01176,"timestamp":1740824569664,"isBuyerMaker":false},{"id":"3458800269","price":85002.54,"qty":0.10577,"timestamp":1740824569695,"isBuyerMaker":false},{"id":"3458800270","price":85002.58,"qty":0.00007,"timestamp":1740824569695,"isBuyerMaker":false},{"id":"3458800271","price":85002.6,"qty":0.00007,"timestamp":1740824569695,"isBuyerMaker":false},{"id":"3458800272","price":85002.68,"qty":0.00007,"timestamp":1740824569698,"isBuyerMaker":false},{"id":"3458800273","price":85003.39,"qty":0.00007,"timestamp":1740824569698,"isBuyerMaker":false},{"id":"3458800274","price":85003.4,"qty":0.00007,"timestamp":1740824569698,"isBuyerMaker":false},{"id":"3458800275","price":85003.53,"qty":0.00007,"timestamp":1740824569698,"isBuyerMaker":false},{"id":"3458800276","price":85003.55,"qty":0.00007,"timestamp":1740824569698,"isBuyerMaker":false},{"id":"3458800277","price":85003.99,"qty":0.00028,"timestamp":1740824569700,"isBuyerMaker":false},{"id":"3458800278","price":85004,"qty":0.01007,"timestamp":1740824569700,"isBuyerMaker":false},{"id":"3458800279","price":85004.01,"qty":0.00007,"timestamp":1740824569700,"isBuyerMaker":false},{"id":"3458800280","price":85004.22,"qty":0.00007,"timestamp":1740824569700,"isBuyerMaker":false},{"id":"3458800281","price":85004.23,"qty":0.00007,"timestamp":1740824569700,"isBuyerMaker":false},{"id":"3458800282","price":85004.36,"qty":0.00007,"timestamp":1740824569700,"isBuyerMaker":false},{"id":"3458800283","price":85004.87,"qty":0.00028,"timestamp":1740824569700,"isBuyerMaker":false},{"id":"3458800284","price":85004.88,"qty":0.11369,"timestamp":1740824569700,"isBuyerMaker":false},{"id":"3458800285","price":85006,"qty":0.00007,"timestamp":1740824569700,"isBuyerMaker":false},{"id":"3458800286","price":85006.72,"qty":0.00013,"timestamp":1740824569700,"isBuyerMaker":false},{"id":"3458800287","price":85006.95,"qty":0.03064,"timestamp":1740824569700,"isBuyerMaker":false},{"id":"3458800288","price":85007.41,"qty":0.00031,"timestamp":1740824569761,"isBuyerMaker":false},{"id":"3458800289","price":85007.41,"qty":0.00118,"timestamp":1740824569847,"isBuyerMaker":false},{"id":"3458800290","price":85007.41,"qty":0.00118,"timestamp":1740824569848,"isBuyerMaker":false},{"id":"3458800291","price":85007.41,"qty":0.00118,"timestamp":1740824569879,"isBuyerMaker":false},{"id":"3458800292","price":85007.4,"qty":0.01041,"timestamp":1740824569920,"isBuyerMaker":true},{"id":"3458800293","price":85007.4,"qty":0.10635,"timestamp":1740824569948,"isBuyerMaker":true},{"id":"3458800294","price":85007.41,"qty":0.00118,"timestamp":1740824569950,"isBuyerMaker":false},{"id":"3458800295","price":85007.41,"qty":0.00118,"timestamp":1740824569952,"isBuyerMaker":false},{"id":"3458800296","price":85007.4,"qty":0.1069,"timestamp":1740824569988,"isBuyerMaker":true},{"id":"3458800297","price":85007.4,"qty":0.094,"timestamp":1740824570040,"isBuyerMaker":true},{"id":"3458800298","price":85007.4,"qty":0.00076,"timestamp":1740824570072,"isBuyerMaker":true},{"id":"3458800299","price":85007.4,"qty":0.10649,"timestamp":1740824570107,"isBuyerMaker":true},{"id":"3458800300","price":85007.41,"qty":0.00141,"timestamp":1740824570122,"isBuyerMaker":false},{"id":"3458800301","price":85007.4,"qty":0.10824,"timestamp":1740824570149,"isBuyerMaker":true},{"id":"3458800302","price":85007.41,"qty":0.00117,"timestamp":1740824570205,"isBuyerMaker":false},{"id":"3458800303","price":85007.4,"qty":0.10723,"timestamp":1740824570303,"isBuyerMaker":true},{"id":"3458800304","price":85007.4,"qty":0.15434,"timestamp":1740824570303,"isBuyerMaker":true},{"id":"3458800305","price":85007.4,"qty":0.00082,"timestamp":1740824570310,"isBuyerMaker":true},{"id":"3458800306","price":85007.34,"qty":0.00028,"timestamp":1740824570310,"isBuyerMaker":true},{"id":"3458800307","price":85007.34,"qty":0.00012,"timestamp":1740824570310,"isBuyerMaker":true},{"id":"3458800308","price":85007.32,"qty":0.00029,"timestamp":1740824570310,"isBuyerMaker":true},{"id":"3458800309","price":85007.08,"qty":0.00014,"timestamp":1740824570310,"isBuyerMaker":true},{"id":"3458800310","price":85007.07,"qty":0.00014,"timestamp":1740824570310,"isBuyerMaker":true},{"id":"3458800311","price":85007.06,"qty":0.00014,"timestamp":1740824570310,"isBuyerMaker":true},{"id":"3458800312","price":85007.05,"qty":0.00014,"timestamp":1740824570310,"isBuyerMaker":true},{"id":"3458800313","price":85007,"qty":0.00014,"timestamp":1740824570310,"isBuyerMaker":true},{"id":"3458800314","price":85006.98,"qty":0.00014,"timestamp":1740824570310,"isBuyerMaker":true},{"id":"3458800315","price":85006.95,"qty":0.00014,"timestamp":1740824570310,"isBuyerMaker":true},{"id":"3458800316","price":85006.94,"qty":0.00055,"timestamp":1740824570310,"isBuyerMaker":true},{"id":"3458800317","price":85006.92,"qty":0.00014,"timestamp":1740824570310,"isBuyerMaker":true},{"id":"3458800318","price":85006.87,"qty":0.00012,"timestamp":1740824570310,"isBuyerMaker":true},{"id":"3458800319","price":85006.87,"qty":0.00002,"timestamp":1740824570311,"isBuyerMaker":true},{"id":"3458800320","price":85006.85,"qty":0.0001,"timestamp":1740824570311,"isBuyerMaker":true},{"id":"3458800321","price":85006.85,"qty":0.00004,"timestamp":1740824570312,"isBuyerMaker":true},{"id":"3458800322","price":85006.83,"qty":0.00014,"timestamp":1740824570312,"isBuyerMaker":true},{"id":"3458800323","price":85006.29,"qty":0.00014,"timestamp":1740824570312,"isBuyerMaker":true},{"id":"3458800324","price":85004,"qty":0.00012,"timestamp":1740824570313,"isBuyerMaker":true},{"id":"3458800325","price":85003.98,"qty":0.00008,"timestamp":1740824570313,"isBuyerMaker":true},{"id":"3458800326","price":85003.98,"qty":0.03439,"timestamp":1740824570322,"isBuyerMaker":true},{"id":"3458800327","price":85003.98,"qty":0.00749,"timestamp":1740824570323,"isBuyerMaker":true},{"id":"3458800328","price":85003.98,"qty":0.00633,"timestamp":1740824570329,"isBuyerMaker":true},{"id":"3458800329","price":85003.98,"qty":0.0315,"timestamp":1740824570329,"isBuyerMaker":true},{"id":"3458800330","price":85003.98,"qty":0.00385,"timestamp":1740824570330,"isBuyerMaker":true},{"id":"3458800331","price":85003.6,"qty":0.00018,"timestamp":1740824570330,"isBuyerMaker":true},{"id":"3458800332","price":85003.59,"qty":0.00025,"timestamp":1740824570330,"isBuyerMaker":true},{"id":"3458800333","price":85002.69,"qty":0.00034,"timestamp":1740824570330,"isBuyerMaker":true},{"id":"3458800334","price":85002.68,"qty":0.00014,"timestamp":1740824570330,"isBuyerMaker":true},{"id":"3458800335","price":85002.54,"qty":0.00014,"timestamp":1740824570330,"isBuyerMaker":true},{"id":"3458800336","price":85002.53,"qty":0.04357,"timestamp":1740824570330,"isBuyerMaker":true},{"id":"3458800337","price":85002,"qty":0.00014,"timestamp":1740824570330,"isBuyerMaker":true},{"id":"3458800338","price":85001.37,"qty":0.00014,"timestamp":1740824570330,"isBuyerMaker":true},{"id":"3458800339","price":85000,"qty":0.00031,"timestamp":1740824570330,"isBuyerMaker":true},{"id":"3458800340","price":84998.9,"qty":0.00007,"timestamp":1740824570330,"isBuyerMaker":true},{"id":"3458800341","price":84998,"qty":0.00786,"timestamp":1740824570330,"isBuyerMaker":true},{"id":"3458800342","price":84998,"qty":0.11015,"timestamp":1740824570351,"isBuyerMaker":true},{"id":"3458800343","price":84998,"qty":0.01551,"timestamp":1740824570362,"isBuyerMaker":true},{"id":"3458800344","price":84998.01,"qty":0.00028,"timestamp":1740824570370,"isBuyerMaker":false},{"id":"3458800345","price":84998,"qty":0.0015,"timestamp":1740824570376,"isBuyerMaker":true},{"id":"3458800346","price":84998,"qty":0.00184,"timestamp":1740824570489,"isBuyerMaker":true},{"id":"3458800347","price":84998.01,"qty":0.0006,"timestamp":1740824570522,"isBuyerMaker":false},{"id":"3458800348","price":84998,"qty":0.02083,"timestamp":1740824570577,"isBuyerMaker":true},{"id":"3458800349","price":84998,"qty":0.01041,"timestamp":1740824570579,"isBuyerMaker":true},{"id":"3458800350","price":84998,"qty":0.04533,"timestamp":1740824570586,"isBuyerMaker":true},{"id":"3458800351","price":84997.94,"qty":0.00021,"timestamp":1740824570590,"isBuyerMaker":true},{"id":"3458800352","price":84997.92,"qty":0.00022,"timestamp":1740824570590,"isBuyerMaker":true},{"id":"3458800353","price":84997.91,"qty":0.00073,"timestamp":1740824570590,"isBuyerMaker":true},{"id":"3458800354","price":84997.91,"qty":0.00036,"timestamp":1740824570604,"isBuyerMaker":true},{"id":"3458800355","price":84997.83,"qty":0.00579,"timestamp":1740824570604,"isBuyerMaker":true},{"id":"3458800356","price":84997.6,"qty":0.00007,"timestamp":1740824570604,"isBuyerMaker":true},{"id":"3458800357","price":84996.55,"qty":0.00007,"timestamp":1740824570604,"isBuyerMaker":true},{"id":"3458800358","price":84996,"qty":0.00007,"timestamp":1740824570604,"isBuyerMaker":true},{"id":"3458800359","price":84995.44,"qty":0.00007,"timestamp":1740824570604,"isBuyerMaker":true},{"id":"3458800360","price":84994.99,"qty":0.00014,"timestamp":1740824570604,"isBuyerMaker":true},{"id":"3458800361","price":84994.36,"qty":0.00007,"timestamp":1740824570604,"isBuyerMaker":true},{"id":"3458800362","price":84994.02,"qty":0.0025,"timestamp":1740824570604,"isBuyerMaker":true},{"id":"3458800363","price":84994.02,"qty":0.00143,"timestamp":1740824570638,"isBuyerMaker":true},{"id":"3458800364","price":84994.01,"qty":0.00067,"timestamp":1740824570638,"isBuyerMaker":true},{"id":"3458800365","price":84994,"qty":0.00007,"timestamp":1740824570638,"isBuyerMaker":true},{"id":"3458800366","price":84993.96,"qty":0.00512,"timestamp":1740824570638,"isBuyerMaker":true},{"id":"3458800367","price":84993.31,"qty":0.00007,"timestamp":1740824570638,"isBuyerMaker":true},{"id":"3458800368","price":84993.3,"qty":0.00007,"timestamp":1740824570638,"isBuyerMaker":true},{"id":"3458800369","price":84992.63,"qty":0.00298,"timestamp":1740824570638,"isBuyerMaker":true},{"id":"3458800370","price":84992.63,"qty":0.03865,"timestamp":1740824570657,"isBuyerMaker":true},{"id":"3458800371","price":84992.62,"qty":0.00006,"timestamp":1740824570657,"isBuyerMaker":true},{"id":"3458800372","price":84992.62,"qty":0.00072,"timestamp":1740824570686,"isBuyerMaker":true},{"id":"3458800373","price":84992.46,"qty":0.00019,"timestamp":1740824570686,"isBuyerMaker":true},{"id":"3458800374","price":84992.31,"qty":0.00007,"timestamp":1740824570686,"isBuyerMaker":true},{"id":"3458800375","price":84992.3,"qty":0.00063,"timestamp":1740824570686,"isBuyerMaker":true},{"id":"3458800376","price":84992,"qty":0.00007,"timestamp":1740824570686,"isBuyerMaker":true},{"id":"3458800377","price":84991.53,"qty":0.00007,"timestamp":1740824570686,"isBuyerMaker":true},{"id":"3458800378","price":84991.2,"qty":0.00007,"timestamp":1740824570686,"isBuyerMaker":true},{"id":"3458800379","price":84991.19,"qty":0.00007,"timestamp":1740824570686,"isBuyerMaker":true},{"id":"3458800380","price":84990.01,"qty":0.00343,"timestamp":1740824570686,"isBuyerMaker":true},{"id":"3458800381","price":84990,"qty":0.00007,"timestamp":1740824570686,"isBuyerMaker":true},{"id":"3458800382","price":84989.99,"qty":0.01304,"timestamp":1740824570686,"isBuyerMaker":true},{"id":"3458800383","price":84990,"qty":0.00117,"timestamp":1740824570828,"isBuyerMaker":false},{"id":"3458800384","price":84990,"qty":0.00296,"timestamp":1740824570837,"isBuyerMaker":false},{"id":"3458800385","price":84989.99,"qty":0.0015,"timestamp":1740824570877,"isBuyerMaker":true},{"id":"3458800386","price":84990,"qty":0.00408,"timestamp":1740824570931,"isBuyerMaker":false},{"id":"3458800387","price":84989.99,"qty":0.094,"timestamp":1740824571081,"isBuyerMaker":true},{"id":"3458800388","price":84989.99,"qty":0.00026,"timestamp":1740824571097,"isBuyerMaker":true},{"id":"3458800389","price":84990,"qty":0.00117,"timestamp":1740824571133,"isBuyerMaker":false},{"id":"3458800390","price":84989.99,"qty":0.10741,"timestamp":1740824571322,"isBuyerMaker":true},{"id":"3458800391","price":84989.99,"qty":0.11161,"timestamp":1740824571401,"isBuyerMaker":true},{"id":"3458800392","price":84990,"qty":0.00242,"timestamp":1740824571409,"isBuyerMaker":false},{"id":"3458800393","price":84989.99,"qty":0.11193,"timestamp":1740824571431,"isBuyerMaker":true},{"id":"3458800394","price":84989.99,"qty":0.10998,"timestamp":1740824571470,"isBuyerMaker":true},{"id":"3458800395","price":84989.99,"qty":0.11088,"timestamp":1740824571501,"isBuyerMaker":true},{"id":"3458800396","price":84989.99,"qty":0.00065,"timestamp":1740824571532,"isBuyerMaker":true},{"id":"3458800397","price":84989.99,"qty":0.11075,"timestamp":1740824571532,"isBuyerMaker":true},{"id":"3458800398","price":84989.99,"qty":0.11381,"timestamp":1740824571572,"isBuyerMaker":true},{"id":"3458800399","price":84989.99,"qty":0.01178,"timestamp":1740824571692,"isBuyerMaker":true},{"id":"3458800400","price":84990,"qty":0.00117,"timestamp":1740824571827,"isBuyerMaker":false},{"id":"3458800401","price":84989.99,"qty":0.0015,"timestamp":1740824571878,"isBuyerMaker":true},{"id":"3458800402","price":84990,"qty":0.00083,"timestamp":1740824571916,"isBuyerMaker":false},{"id":"3458800403","price":84989.99,"qty":0.002,"timestamp":1740824571985,"isBuyerMaker":true},{"id":"3458800404","price":84990,"qty":0.00018,"timestamp":1740824572073,"isBuyerMaker":false},{"id":"3458800405","price":84990,"qty":0.00117,"timestamp":1740824572160,"isBuyerMaker":false},{"id":"3458800406","price":84989.99,"qty":0.005,"timestamp":1740824572341,"isBuyerMaker":true},{"id":"3458800407","price":84989.99,"qty":0.00018,"timestamp":1740824572387,"isBuyerMaker":true},{"id":"3458800408","price":84989.99,"qty":0.00012,"timestamp":1740824572649,"isBuyerMaker":true},{"id":"3458800409","price":84989.99,"qty":0.00026,"timestamp":1740824572770,"isBuyerMaker":true},{"id":"3458800410","price":84990,"qty":0.00118,"timestamp":1740824572773,"isBuyerMaker":false},{"id":"3458800411","price":84990,"qty":0.00118,"timestamp":1740824572792,"isBuyerMaker":false},{"id":"3458800412","price":84990,"qty":0.00118,"timestamp":1740824572793,"isBuyerMaker":false},{"id":"3458800413","price":84990,"qty":0.60169,"timestamp":1740824572861,"isBuyerMaker":false},{"id":"3458800414","price":84990.01,"qty":0.00007,"timestamp":1740824572861,"isBuyerMaker":false},{"id":"3458800415","price":84990.02,"qty":0.00007,"timestamp":1740824572861,"isBuyerMaker":false},{"id":"3458800416","price":84990.03,"qty":0.00007,"timestamp":1740824572861,"isBuyerMaker":false},{"id":"3458800417","price":84990.04,"qty":0.00007,"timestamp":1740824572861,"isBuyerMaker":false},{"id":"3458800418","price":84990.42,"qty":0.00007,"timestamp":1740824572861,"isBuyerMaker":false},{"id":"3458800419","price":84990.43,"qty":0.00007,"timestamp":1740824572861,"isBuyerMaker":false},{"id":"3458800420","price":84990.7,"qty":0.00007,"timestamp":1740824572861,"isBuyerMaker":false},{"id":"3458800421","price":84990.71,"qty":0.00007,"timestamp":1740824572861,"isBuyerMaker":false},{"id":"3458800422","price":84991.09,"qty":0.00007,"timestamp":1740824572861,"isBuyerMaker":false},{"id":"3458800423","price":84991.1,"qty":0.00007,"timestamp":1740824572861,"isBuyerMaker":false},{"id":"3458800424","price":84991.63,"qty":0.00007,"timestamp":1740824572861,"isBuyerMaker":false},{"id":"3458800425","price":84991.99,"qty":0.00028,"timestamp":1740824572861,"isBuyerMaker":false},{"id":"3458800426","price":84992,"qty":0.02307,"timestamp":1740824572861,"isBuyerMaker":false},{"id":"3458800427","price":84992.32,"qty":0.00007,"timestamp":1740824572861,"isBuyerMaker":false},{"id":"3458800428","price":84992.63,"qty":0.00021,"timestamp":1740824572861,"isBuyerMaker":false},{"id":"3458800429","price":84992.64,"qty":0.11772,"timestamp":1740824572861,"isBuyerMaker":false},{"id":"3458800430","price":84993.19,"qty":0.00021,"timestamp":1740824572861,"isBuyerMaker":false},{"id":"3458800431","price":84993.2,"qty":0.14201,"timestamp":1740824572861,"isBuyerMaker":false},{"id":"3458800432","price":84994,"qty":0.023,"timestamp":1740824572861,"isBuyerMaker":false},{"id":"3458800433","price":84994.03,"qty":0.001,"timestamp":1740824572861,"isBuyerMaker":false},{"id":"3458800434","price":84994.15,"qty":0.00006,"timestamp":1740824572861,"isBuyerMaker":false},{"id":"3458800435","price":84995.53,"qty":0.03212,"timestamp":1740824572861,"isBuyerMaker":false},{"id":"3458800436","price":84996,"qty":0.023,"timestamp":1740824572861,"isBuyerMaker":false},{"id":"3458800437","price":84996.21,"qty":0.00006,"timestamp":1740824572861,"isBuyerMaker":false},{"id":"3458800438","price":84998,"qty":0.02321,"timestamp":1740824572861,"isBuyerMaker":false},{"id":"3458800439","price":84998.01,"qty":0.63,"timestamp":1740824572861,"isBuyerMaker":false},{"id":"3458800440","price":84998.34,"qty":0.00006,"timestamp":1740824572861,"isBuyerMaker":false},{"id":"3458800441","price":84998.5,"qty":0.003,"timestamp":1740824572861,"isBuyerMaker":false},{"id":"3458800442","price":84998.88,"qty":0.00027,"timestamp":1740824572861,"isBuyerMaker":false},{"id":"3458800443","price":84998.9,"qty":0.00009,"timestamp":1740824572861,"isBuyerMaker":false},{"id":"3458800444","price":85000,"qty":0.03483,"timestamp":1740824572861,"isBuyerMaker":false},{"id":"3458800445","price":85000.62,"qty":0.00012,"timestamp":1740824572864,"isBuyerMaker":false},{"id":"3458800446","price":85002.53,"qty":0.00027,"timestamp":1740824572864,"isBuyerMaker":false},{"id":"3458800447","price":85002.54,"qty":0.20097,"timestamp":1740824572864,"isBuyerMaker":false},{"id":"3458800448","price":85002.54,"qty":0.0406,"timestamp":1740824572865,"isBuyerMaker":false},{"id":"3458800449","price":85002.54,"qty":0.12893,"timestamp":1740824572865,"isBuyerMaker":false},{"id":"3458800450","price":85002.85,"qty":0.00021,"timestamp":1740824572865,"isBuyerMaker":false},{"id":"3458800451","price":85002.86,"qty":0.07222,"timestamp":1740824572865,"isBuyerMaker":false},{"id":"3458800452","price":85002.86,"qty":0.07951,"timestamp":1740824572865,"isBuyerMaker":false},{"id":"3458800453","price":85003.41,"qty":0.01176,"timestamp":1740824572865,"isBuyerMaker":false},{"id":"3458800454","price":85003.99,"qty":0.00507,"timestamp":1740824572865,"isBuyerMaker":false},{"id":"3458800455","price":85004.2,"qty":0.00006,"timestamp":1740824572865,"isBuyerMaker":false},{"id":"3458800456","price":85004.25,"qty":0.00013,"timestamp":1740824572865,"isBuyerMaker":false},{"id":"3458800457","price":85004.62,"qty":0.03124,"timestamp":1740824572865,"isBuyerMaker":false},{"id":"3458800458","price":85004.65,"qty":0.00012,"timestamp":1740824572865,"isBuyerMaker":false},{"id":"3458800459","price":85006.6,"qty":0.0825,"timestamp":1740824572865,"isBuyerMaker":false},{"id":"3458800460","price":85006.62,"qty":0.00021,"timestamp":1740824572865,"isBuyerMaker":false},{"id":"3458800461","price":85006.63,"qty":0.19247,"timestamp":1740824572865,"isBuyerMaker":false},{"id":"3458800462","price":85006.72,"qty":0.00006,"timestamp":1740824572865,"isBuyerMaker":false},{"id":"3458800463","price":85006.99,"qty":0.05876,"timestamp":1740824572865,"isBuyerMaker":false},{"id":"3458800464","price":85007,"qty":0.003,"timestamp":1740824572865,"isBuyerMaker":false},{"id":"3458800465","price":85007.05,"qty":0.08645,"timestamp":1740824572865,"isBuyerMaker":false},{"id":"3458800466","price":85007.22,"qty":0.15983,"timestamp":1740824572865,"isBuyerMaker":false},{"id":"3458800467","price":85007.4,"qty":0.00021,"timestamp":1740824572865,"isBuyerMaker":false},{"id":"3458800468","price":85007.41,"qty":0.00009,"timestamp":1740824572865,"isBuyerMaker":false},{"id":"3458800469","price":85007.74,"qty":0.00666,"timestamp":1740824572865,"isBuyerMaker":false},{"id":"3458800470","price":85008,"qty":0.0021,"timestamp":1740824572865,"isBuyerMaker":false},{"id":"3458800471","price":85008.19,"qty":0.00006,"timestamp":1740824572865,"isBuyerMaker":false},{"id":"3458800472","price":85008.63,"qty":0.00012,"timestamp":1740824572865,"isBuyerMaker":false},{"id":"3458800473","price":85009.8,"qty":0.08,"timestamp":1740824572865,"isBuyerMaker":false},{"id":"3458800474","price":85009.87,"qty":0.0581,"timestamp":1740824572866,"isBuyerMaker":false},{"id":"3458800475","price":85010.91,"qty":0.00006,"timestamp":1740824572866,"isBuyerMaker":false},{"id":"3458800476","price":85010.95,"qty":0.001,"timestamp":1740824572866,"isBuyerMaker":false},{"id":"3458800477","price":85011.03,"qty":0.00017,"timestamp":1740824572866,"isBuyerMaker":false},{"id":"3458800478","price":85011.77,"qty":0.00007,"timestamp":1740824572866,"isBuyerMaker":false},{"id":"3458800479","price":85012,"qty":0.0021,"timestamp":1740824572866,"isBuyerMaker":false},{"id":"3458800480","price":85012.19,"qty":0.00006,"timestamp":1740824572866,"isBuyerMaker":false},{"id":"3458800481","price":85012.78,"qty":0.01009,"timestamp":1740824572866,"isBuyerMaker":false},{"id":"3458800482","price":85013.21,"qty":0.01013,"timestamp":1740824572866,"isBuyerMaker":false},{"id":"3458800483","price":85013.43,"qty":0.00012,"timestamp":1740824572866,"isBuyerMaker":false},{"id":"3458800484","price":85011.99,"qty":0.05172,"timestamp":1740824572869,"isBuyerMaker":true},{"id":"3458800485","price":85010.2,"qty":0.03932,"timestamp":1740824572869,"isBuyerMaker":true},{"id":"3458800486","price":85012,"qty":0.00007,"timestamp":1740824572875,"isBuyerMaker":false},{"id":"3458800487","price":85011.76,"qty":0.03593,"timestamp":1740824572875,"isBuyerMaker":true},{"id":"3458800488","price":85012,"qty":0.00007,"timestamp":1740824572885,"isBuyerMaker":false},{"id":"3458800489","price":85013.01,"qty":0.013,"timestamp":1740824572891,"isBuyerMaker":true},{"id":"3458800490","price":85013.01,"qty":0.00412,"timestamp":1740824573054,"isBuyerMaker":true},{"id":"3458800491","price":85013.01,"qty":0.014,"timestamp":1740824573076,"isBuyerMaker":true},{"id":"3458800492","price":85013.01,"qty":0.018,"timestamp":1740824573077,"isBuyerMaker":true},{"id":"3458800493","price":85013.01,"qty":0.009,"timestamp":1740824573077,"isBuyerMaker":true},{"id":"3458800494","price":85013.01,"qty":0.034,"timestamp":1740824573078,"isBuyerMaker":true},{"id":"3458800495","price":85013.01,"qty":0.019,"timestamp":1740824573082,"isBuyerMaker":true},{"id":"3458800496","price":85013.02,"qty":0.00118,"timestamp":1740824573128,"isBuyerMaker":false},{"id":"3458800497","price":85013.02,"qty":0.00118,"timestamp":1740824573138,"isBuyerMaker":false},{"id":"3458800498","price":85013.02,"qty":0.00118,"timestamp":1740824573142,"isBuyerMaker":false},{"id":"3458800499","price":85013.01,"qty":0.014,"timestamp":1740824573191,"isBuyerMaker":true},{"id":"3458800500","price":85013.02,"qty":0.00011,"timestamp":1740824573373,"isBuyerMaker":false},{"id":"3458800501","price":85013.02,"qty":0.00163,"timestamp":1740824573496,"isBuyerMaker":false},{"id":"3458800502","price":85013.01,"qty":0.00152,"timestamp":1740824573637,"isBuyerMaker":true},{"id":"3458800503","price":85013.01,"qty":0.00029,"timestamp":1740824573810,"isBuyerMaker":true},{"id":"3458800504","price":85013.01,"qty":0.01041,"timestamp":1740824573937,"isBuyerMaker":true},{"id":"3458800505","price":85013.01,"qty":0.00882,"timestamp":1740824573944,"isBuyerMaker":true},{"id":"3458800506","price":85013.01,"qty":0.11051,"timestamp":1740824573947,"isBuyerMaker":true},{"id":"3458800507","price":85013.01,"qty":0.00159,"timestamp":1740824573948,"isBuyerMaker":true},{"id":"3458800508","price":85013.01,"qty":0.00109,"timestamp":1740824573959,"isBuyerMaker":true},{"id":"3458800509","price":85013.01,"qty":0.00068,"timestamp":1740824573966,"isBuyerMaker":true},{"id":"3458800510","price":85013,"qty":0.00028,"timestamp":1740824573966,"isBuyerMaker":true},{"id":"3458800511","price":85012.99,"qty":0.00027,"timestamp":1740824573966,"isBuyerMaker":true},{"id":"3458800512","price":85012.99,"qty":0.00033,"timestamp":1740824573975,"isBuyerMaker":true},{"id":"3458800513","price":85012.99,"qty":0.00036,"timestamp":1740824573977,"isBuyerMaker":true},{"id":"3458800514","price":85012.98,"qty":0.00029,"timestamp":1740824573977,"isBuyerMaker":true},{"id":"3458800515","price":85012,"qty":0.02346,"timestamp":1740824573977,"isBuyerMaker":true},{"id":"3458800516","price":85011.99,"qty":0.00014,"timestamp":1740824573977,"isBuyerMaker":true},{"id":"3458800517","price":85010.66,"qty":0.00014,"timestamp":1740824573977,"isBuyerMaker":true},{"id":"3458800518","price":85010.4,"qty":0.00014,"timestamp":1740824573977,"isBuyerMaker":true},{"id":"3458800519","price":85010.01,"qty":0.00014,"timestamp":1740824573977,"isBuyerMaker":true},{"id":"3458800520","price":85010,"qty":0.02326,"timestamp":1740824573977,"isBuyerMaker":true},{"id":"3458800521","price":85009.63,"qty":0.00014,"timestamp":1740824573977,"isBuyerMaker":true},{"id":"3458800522","price":85009.57,"qty":0.00014,"timestamp":1740824573977,"isBuyerMaker":true},{"id":"3458800523","price":85009.05,"qty":0.00036,"timestamp":1740824573984,"isBuyerMaker":true},{"id":"3458800524","price":85009.05,"qty":0.11305,"timestamp":1740824574014,"isBuyerMaker":true},{"id":"3458800525","price":85009.05,"qty":0.32698,"timestamp":1740824574018,"isBuyerMaker":true},{"id":"3458800526","price":85009.05,"qty":0.01041,"timestamp":1740824574020,"isBuyerMaker":true},{"id":"3458800527","price":85009.05,"qty":0.11615,"timestamp":1740824574045,"isBuyerMaker":true},{"id":"3458800528","price":85009.05,"qty":0.094,"timestamp":1740824574065,"isBuyerMaker":true},{"id":"3458800529","price":85009.05,"qty":0.11045,"timestamp":1740824574078,"isBuyerMaker":true},{"id":"3458800530","price":85009.05,"qty":0.10594,"timestamp":1740824574116,"isBuyerMaker":true},{"id":"3458800531","price":85009.05,"qty":0.01041,"timestamp":1740824574119,"isBuyerMaker":true},{"id":"3458800532","price":85009.05,"qty":0.0002,"timestamp":1740824574317,"isBuyerMaker":true},{"id":"3458800533","price":85009.06,"qty":0.0002,"timestamp":1740824574465,"isBuyerMaker":false},{"id":"3458800534","price":85009.06,"qty":0.00035,"timestamp":1740824574541,"isBuyerMaker":false},{"id":"3458800535","price":85009.06,"qty":0.02193,"timestamp":1740824574814,"isBuyerMaker":false},{"id":"3458800536","price":85009.06,"qty":0.00117,"timestamp":1740824574926,"isBuyerMaker":false},{"id":"3458800537","price":85009.06,"qty":0.00011,"timestamp":1740824575067,"isBuyerMaker":false},{"id":"3458800538","price":85009.05,"qty":0.705,"timestamp":1740824575224,"isBuyerMaker":true},{"id":"3458800539","price":85009.06,"qty":0.00023,"timestamp":1740824575264,"isBuyerMaker":false},{"id":"3458800540","price":85009.06,"qty":0.00008,"timestamp":1740824575272,"isBuyerMaker":false},{"id":"3458800541","price":85009.06,"qty":0.00239,"timestamp":1740824575280,"isBuyerMaker":false},{"id":"3458800542","price":85009.05,"qty":0.00272,"timestamp":1740824575312,"isBuyerMaker":true},{"id":"3458800543","price":85009.06,"qty":0.00317,"timestamp":1740824575321,"isBuyerMaker":false},{"id":"3458800544","price":85009.06,"qty":0.00283,"timestamp":1740824575321,"isBuyerMaker":false},{"id":"3458800545","price":85009.06,"qty":0.00146,"timestamp":1740824575321,"isBuyerMaker":false},{"id":"3458800546","price":85009.06,"qty":0.00353,"timestamp":1740824575321,"isBuyerMaker":false},{"id":"3458800547","price":85009.06,"qty":0.00353,"timestamp":1740824575321,"isBuyerMaker":false},{"id":"3458800548","price":85009.05,"qty":0.01666,"timestamp":1740824575365,"isBuyerMaker":true},{"id":"3458800549","price":85009.05,"qty":0.00026,"timestamp":1740824575388,"isBuyerMaker":true},{"id":"3458800550","price":85009.06,"qty":0.00037,"timestamp":1740824575709,"isBuyerMaker":false},{"id":"3458800551","price":85009.05,"qty":0.533,"timestamp":1740824575901,"isBuyerMaker":true},{"id":"3458800552","price":85009.06,"qty":0.00607,"timestamp":1740824575960,"isBuyerMaker":false},{"id":"3458800553","price":85009.06,"qty":0.00422,"timestamp":1740824576118,"isBuyerMaker":false},{"id":"3458800554","price":85009.06,"qty":0.00473,"timestamp":1740824576122,"isBuyerMaker":false},{"id":"3458800555","price":85009.05,"qty":0.00107,"timestamp":1740824576254,"isBuyerMaker":true},{"id":"3458800556","price":85009.06,"qty":0.00118,"timestamp":1740824576265,"isBuyerMaker":false},{"id":"3458800557","price":85009.06,"qty":0.00118,"timestamp":1740824576268,"isBuyerMaker":false},{"id":"3458800558","price":85009.06,"qty":0.00118,"timestamp":1740824576272,"isBuyerMaker":false},{"id":"3458800559","price":85009.05,"qty":0.00008,"timestamp":1740824576376,"isBuyerMaker":true},{"id":"3458800560","price":85009.05,"qty":0.00228,"timestamp":1740824576504,"isBuyerMaker":true},{"id":"3458800561","price":85009.05,"qty":0.00168,"timestamp":1740824576505,"isBuyerMaker":true},{"id":"3458800562","price":85009.05,"qty":0.00045,"timestamp":1740824576505,"isBuyerMaker":true},{"id":"3458800563","price":85009.05,"qty":0.00106,"timestamp":1740824576506,"isBuyerMaker":true},{"id":"3458800564","price":85009.05,"qty":0.00051,"timestamp":1740824576506,"isBuyerMaker":true},{"id":"3458800565","price":85009.05,"qty":0.01636,"timestamp":1740824576507,"isBuyerMaker":true},{"id":"3458800566","price":85009.05,"qty":0.00012,"timestamp":1740824576727,"isBuyerMaker":true},{"id":"3458800567","price":85009.06,"qty":0.01021,"timestamp":1740824577440,"isBuyerMaker":false},{"id":"3458800568","price":85009.05,"qty":0.00143,"timestamp":1740824577572,"isBuyerMaker":true},{"id":"3458800569","price":85009.06,"qty":0.00118,"timestamp":1740824577710,"isBuyerMaker":false},{"id":"3458800570","price":85009.05,"qty":0.00047,"timestamp":1740824578074,"isBuyerMaker":true},{"id":"3458800571","price":85009.06,"qty":0.00184,"timestamp":1740824578152,"isBuyerMaker":false},{"id":"3458800572","price":85009.06,"qty":0.00031,"timestamp":1740824578342,"isBuyerMaker":false},{"id":"3458800573","price":85009.06,"qty":0.00198,"timestamp":1740824578423,"isBuyerMaker":false},{"id":"3458800574","price":85009.05,"qty":0.023,"timestamp":1740824578597,"isBuyerMaker":true},{"id":"3458800575","price":85009.05,"qty":0.0001,"timestamp":1740824579406,"isBuyerMaker":true},{"id":"3458800576","price":85009.06,"qty":0.03318,"timestamp":1740824579805,"isBuyerMaker":false}],"recent":[{"id":"3458800577","price":85009.05,"qty":0.00006,"timestamp":1740824580071,"isBuyerMaker":true},{"id":"3458800578","price":85009.05,"qty":0.00011,"timestamp":1740824580096,"isBuyerMaker":true},{"id":"3458800579","price":85009.06,"qty":0.00203,"timestamp":1740824580115,"isBuyerMaker":false},{"id":"3458800580","price":85009.05,"qty":0.00351,"timestamp":1740824580287,"isBuyerMaker":true},{"id":"3458800581","price":85009.06,"qty":0.00465,"timestamp":1740824580415,"isBuyerMaker":false},{"id":"3458800582","price":85009.06,"qty":0.00052,"timestamp":1740824580617,"isBuyerMaker":false},{"id":"3458800583","price":85009.05,"qty":0.0091,"timestamp":1740824580666,"isBuyerMaker":true},{"id":"3458800584","price":85009.05,"qty":0.002,"timestamp":1740824580984,"isBuyerMaker":true},{"id":"3458800585","price":85009.06,"qty":0.91457,"timestamp":1740824581178,"isBuyerMaker":false},{"id":"3458800586","price":85009.06,"qty":0.18581,"timestamp":1740824581178,"isBuyerMaker":false},{"id":"3458800587","price":85009.07,"qty":0.00065,"timestamp":1740824581178,"isBuyerMaker":false},{"id":"3458800588","price":85009.08,"qty":0.00022,"timestamp":1740824581178,"isBuyerMaker":false},{"id":"3458800589","price":85009.09,"qty":0.00007,"timestamp":1740824581178,"isBuyerMaker":false},{"id":"3458800590","price":85009.1,"qty":0.00022,"timestamp":1740824581178,"isBuyerMaker":false},{"id":"3458800591","price":85009.15,"qty":0.00232,"timestamp":1740824581178,"isBuyerMaker":false},{"id":"3458800592","price":85009.39,"qty":0.00007,"timestamp":1740824581178,"isBuyerMaker":false},{"id":"3458800593","price":85009.4,"qty":0.00007,"timestamp":1740824581178,"isBuyerMaker":false},{"id":"3458800594","price":85009.41,"qty":0.00007,"timestamp":1740824581178,"isBuyerMaker":false},{"id":"3458800595","price":85009.57,"qty":0.00028,"timestamp":1740824581178,"isBuyerMaker":false},{"id":"3458800596","price":85009.58,"qty":0.09541,"timestamp":1740824581178,"isBuyerMaker":false},{"id":"3458800597","price":85009.58,"qty":0.0085,"timestamp":1740824581178,"isBuyerMaker":false},{"id":"3458800598","price":85009.58,"qty":0.01431,"timestamp":1740824581178,"isBuyerMaker":false},{"id":"3458800599","price":85009.58,"qty":0.188,"timestamp":1740824581179,"isBuyerMaker":false},{"id":"3458800600","price":85009.58,"qty":0.02225,"timestamp":1740824581179,"isBuyerMaker":false},{"id":"3458800601","price":85009.58,"qty":0.11417,"timestamp":1740824581179,"isBuyerMaker":false},{"id":"3458800602","price":85009.58,"qty":0.10573,"timestamp":1740824581179,"isBuyerMaker":false},{"id":"3458800603","price":85009.58,"qty":0.13957,"timestamp":1740824581180,"isBuyerMaker":false},{"id":"3458800604","price":85009.58,"qty":0.01115,"timestamp":1740824581180,"isBuyerMaker":false},{"id":"3458800605","price":85009.64,"qty":0.00007,"timestamp":1740824581180,"isBuyerMaker":false},{"id":"3458800606","price":85009.69,"qty":0.00007,"timestamp":1740824581180,"isBuyerMaker":false},{"id":"3458800607","price":85010,"qty":0.00007,"timestamp":1740824581180,"isBuyerMaker":false},{"id":"3458800608","price":85010.01,"qty":0.00007,"timestamp":1740824581180,"isBuyerMaker":false},{"id":"3458800609","price":85010.91,"qty":0.00006,"timestamp":1740824581180,"isBuyerMaker":false},{"id":"3458800610","price":85011.45,"qty":0.09648,"timestamp":1740824581180,"isBuyerMaker":false},{"id":"3458800611","price":85011.8,"qty":0.02,"timestamp":1740824581180,"isBuyerMaker":false},{"id":"3458800612","price":85011.9,"qty":0.02,"timestamp":1740824581180,"isBuyerMaker":false},{"id":"3458800613","price":85013.01,"qty":0.07814,"timestamp":1740824581180,"isBuyerMaker":false},{"id":"3458800614","price":85013.02,"qty":0.0465,"timestamp":1740824581180,"isBuyerMaker":false},{"id":"3458800615","price":85013.03,"qty":0.03277,"timestamp":1740824581180,"isBuyerMaker":false},{"id":"3458800616","price":85013.03,"qty":0.03817,"timestamp":1740824581180,"isBuyerMaker":false},{"id":"3458800617","price":85013.03,"qty":0.19741,"timestamp":1740824581180,"isBuyerMaker":false},{"id":"3458800618","price":85011.89,"qty":0.00007,"timestamp":1740824581186,"isBuyerMaker":false},{"id":"3458800619","price":85011.99,"qty":0.00578,"timestamp":1740824581305,"isBuyerMaker":true},{"id":"3458800620","price":85011.99,"qty":0.00245,"timestamp":1740824581376,"isBuyerMaker":true},{"id":"3458800621","price":85011.99,"qty":0.00165,"timestamp":1740824581405,"isBuyerMaker":true},{"id":"3458800622","price":85012,"qty":0.00118,"timestamp":1740824581452,"isBuyerMaker":false},{"id":"3458800623","price":85012,"qty":0.00118,"timestamp":1740824581456,"isBuyerMaker":false},{"id":"3458800624","price":85012,"qty":0.00118,"timestamp":1740824581483,"isBuyerMaker":false},{"id":"3458800625","price":85011.99,"qty":0.10766,"timestamp":1740824581695,"isBuyerMaker":true},{"id":"3458800626","price":85011.99,"qty":0.08884,"timestamp":1740824581725,"isBuyerMaker":true},{"id":"3458800627","price":85011.98,"qty":0.00481,"timestamp":1740824581725,"isBuyerMaker":true},{"id":"3458800628","price":85011.9,"qty":0.00014,"timestamp":1740824581725,"isBuyerMaker":true},{"id":"3458800629","price":85011.89,"qty":0.00014,"timestamp":1740824581725,"isBuyerMaker":true},{"id":"3458800630","price":85011.88,"qty":0.00014,"timestamp":1740824581725,"isBuyerMaker":true},{"id":"3458800631","price":85011.82,"qty":0.00014,"timestamp":1740824581725,"isBuyerMaker":true},{"id":"3458800632","price":85011.81,"qty":0.00014,"timestamp":1740824581725,"isBuyerMaker":true},{"id":"3458800633","price":85011.8,"qty":0.00014,"timestamp":1740824581725,"isBuyerMaker":true},{"id":"3458800634","price":85011.79,"qty":0.00014,"timestamp":1740824581725,"isBuyerMaker":true},{"id":"3458800635","price":85011.45,"qty":0.00008,"timestamp":1740824581725,"isBuyerMaker":true},{"id":"3458800636","price":85011.45,"qty":0.00073,"timestamp":1740824581755,"isBuyerMaker":true},{"id":"3458800637","price":85011.44,"qty":0.00008,"timestamp":1740824581755,"isBuyerMaker":true},{"id":"3458800638","price":85011.44,"qty":0.00067,"timestamp":1740824581786,"isBuyerMaker":true},{"id":"3458800639","price":85011.44,"qty":0.10834,"timestamp":1740824581822,"isBuyerMaker":true},{"id":"3458800640","price":85011.44,"qty":0.094,"timestamp":1740824582033,"isBuyerMaker":true},{"id":"3458800641","price":85011.44,"qty":0.00043,"timestamp":1740824582086,"isBuyerMaker":true},{"id":"3458800642","price":85011.44,"qty":0.10645,"timestamp":1740824582093,"isBuyerMaker":true},{"id":"3458800643","price":85011.44,"qty":0.08454,"timestamp":1740824582125,"isBuyerMaker":true},{"id":"3458800644","price":85011.43,"qty":0.00058,"timestamp":1740824582125,"isBuyerMaker":true},{"id":"3458800645","price":85011.42,"qty":0.00014,"timestamp":1740824582125,"isBuyerMaker":true},{"id":"3458800646","price":85011.38,"qty":0.00014,"timestamp":1740824582125,"isBuyerMaker":true},{"id":"3458800647","price":85010.7,"qty":0.00014,"timestamp":1740824582125,"isBuyerMaker":true},{"id":"3458800648","price":85010.69,"qty":0.00014,"timestamp":1740824582125,"isBuyerMaker":true},{"id":"3458800649","price":85010.41,"qty":0.00307,"timestamp":1740824582125,"isBuyerMaker":true},{"id":"3458800650","price":85010.4,"qty":0.00026,"timestamp":1740824582125,"isBuyerMaker":true},{"id":"3458800651","price":85010.3,"qty":0.00014,"timestamp":1740824582125,"isBuyerMaker":true},{"id":"3458800652","price":85010.01,"qty":0.00026,"timestamp":1740824582125,"isBuyerMaker":true},{"id":"3458800653","price":85010.01,"qty":0.00073,"timestamp":1740824582156,"isBuyerMaker":true},{"id":"3458800654","price":85010,"qty":0.02521,"timestamp":1740824582156,"isBuyerMaker":true},{"id":"3458800655","price":85009.45,"qty":0.00014,"timestamp":1740824582156,"isBuyerMaker":true},{"id":"3458800656","price":85009.05,"qty":0.00039,"timestamp":1740824582156,"isBuyerMaker":true},{"id":"3458800657","price":85009.05,"qty":0.10961,"timestamp":1740824582201,"isBuyerMaker":true},{"id":"3458800658","price":85009.05,"qty":0.0014,"timestamp":1740824582232,"isBuyerMaker":true},{"id":"3458800659","price":85009.05,"qty":0.00015,"timestamp":1740824582241,"isBuyerMaker":true},{"id":"3458800660","price":85009.05,"qty":0.00015,"timestamp":1740824582245,"isBuyerMaker":true},{"id":"3458800661","price":85009.05,"qty":0.00048,"timestamp":1740824582254,"isBuyerMaker":true},{"id":"3458800662","price":85009.05,"qty":0.00015,"timestamp":1740824582261,"isBuyerMaker":true},{"id":"3458800663","price":85009.05,"qty":0.00053,"timestamp":1740824582261,"isBuyerMaker":true},{"id":"3458800664","price":85009.03,"qty":0.00044,"timestamp":1740824582261,"isBuyerMaker":true},{"id":"3458800665","price":85008.99,"qty":0.00028,"timestamp":1740824582261,"isBuyerMaker":true},{"id":"3458800666","price":85008.5,"qty":0.0001,"timestamp":1740824582262,"isBuyerMaker":true},{"id":"3458800667","price":85008.5,"qty":0.00004,"timestamp":1740824582262,"isBuyerMaker":true},{"id":"3458800668","price":85008.06,"qty":0.00014,"timestamp":1740824582262,"isBuyerMaker":true},{"id":"3458800669","price":85008.01,"qty":0.00032,"timestamp":1740824582262,"isBuyerMaker":true},{"id":"3458800670","price":85008,"qty":0.00026,"timestamp":1740824582262,"isBuyerMaker":true},{"id":"3458800671","price":85007.74,"qty":0.00014,"timestamp":1740824582262,"isBuyerMaker":true},{"id":"3458800672","price":85007.73,"qty":0.00014,"timestamp":1740824582262,"isBuyerMaker":true},{"id":"3458800673","price":85007.72,"qty":0.00564,"timestamp":1740824582262,"isBuyerMaker":true},{"id":"3458800674","price":85006.91,"qty":0.00014,"timestamp":1740824582263,"isBuyerMaker":true},{"id":"3458800675","price":85006.9,"qty":0.00009,"timestamp":1740824582263,"isBuyerMaker":true},{"id":"3458800676","price":85006.9,"qty":0.00005,"timestamp":1740824582265,"isBuyerMaker":true},{"id":"3458800677","price":85006.07,"qty":0.00014,"timestamp":1740824582265,"isBuyerMaker":true},{"id":"3458800678","price":85006.01,"qty":0.00036,"timestamp":1740824582265,"isBuyerMaker":true},{"id":"3458800679","price":85006,"qty":0.00048,"timestamp":1740824582265,"isBuyerMaker":true},{"id":"3458800680","price":85006,"qty":0.00015,"timestamp":1740824582274,"isBuyerMaker":true},{"id":"3458800681","price":85006,"qty":0.00167,"timestamp":1740824582276,"isBuyerMaker":true},{"id":"3458800682","price":85006,"qty":0.023,"timestamp":1740824582284,"isBuyerMaker":true},{"id":"3458800683","price":85006,"qty":0.11911,"timestamp":1740824582293,"isBuyerMaker":true},{"id":"3458800684","price":85006,"qty":0.00095,"timestamp":1740824582313,"isBuyerMaker":true},{"id":"3458800685","price":85006,"qty":0.12143,"timestamp":1740824582324,"isBuyerMaker":true},{"id":"3458800686","price":85006,"qty":0.027,"timestamp":1740824582346,"isBuyerMaker":true},{"id":"3458800687","price":85006,"qty":0.11283,"timestamp":1740824582354,"isBuyerMaker":true},{"id":"3458800688","price":85006,"qty":0.11184,"timestamp":1740824582394,"isBuyerMaker":true},{"id":"3458800689","price":85006,"qty":0.023,"timestamp":1740824582409,"isBuyerMaker":true},{"id":"3458800690","price":85006,"qty":0.00165,"timestamp":1740824582411,"isBuyerMaker":true},{"id":"3458800691","price":85005.98,"qty":0.00042,"timestamp":1740824582411,"isBuyerMaker":true},{"id":"3458800692","price":85005.95,"qty":0.00029,"timestamp":1740824582411,"isBuyerMaker":true},{"id":"3458800693","price":85005.11,"qty":0.00014,"timestamp":1740824582411,"isBuyerMaker":true},{"id":"3458800694","price":85004.93,"qty":0.00014,"timestamp":1740824582411,"isBuyerMaker":true},{"id":"3458800695","price":85004.92,"qty":0.00014,"timestamp":1740824582411,"isBuyerMaker":true},{"id":"3458800696","price":85004.21,"qty":0.00014,"timestamp":1740824582411,"isBuyerMaker":true},{"id":"3458800697","price":85004.01,"qty":0.00044,"timestamp":1740824582411,"isBuyerMaker":true},{"id":"3458800698","price":85004,"qty":0.02092,"timestamp":1740824582411,"isBuyerMaker":true},{"id":"3458800699","price":85004,"qty":0.001,"timestamp":1740824582415,"isBuyerMaker":true},{"id":"3458800700","price":85004,"qty":0.0015,"timestamp":1740824582417,"isBuyerMaker":true},{"id":"3458800701","price":85004,"qty":0.00008,"timestamp":1740824582485,"isBuyerMaker":true},{"id":"3458800702","price":85004,"qty":0.04705,"timestamp":1740824582516,"isBuyerMaker":true},{"id":"3458800703","price":85004.01,"qty":0.00117,"timestamp":1740824582569,"isBuyerMaker":false},{"id":"3458800704","price":85004.01,"qty":0.00118,"timestamp":1740824582607,"isBuyerMaker":false},{"id":"3458800705","price":85004,"qty":0.0015,"timestamp":1740824582707,"isBuyerMaker":true},{"id":"3458800706","price":85004,"qty":0.067,"timestamp":1740824583034,"isBuyerMaker":true},{"id":"3458800707","price":85004,"qty":0.022,"timestamp":1740824583035,"isBuyerMaker":true},{"id":"3458800708","price":85004,"qty":0.005,"timestamp":1740824583036,"isBuyerMaker":true},{"id":"3458800709","price":85004.01,"qty":0.00489,"timestamp":1740824583129,"isBuyerMaker":false},{"id":"3458800710","price":85004.01,"qty":0.00014,"timestamp":1740824583286,"isBuyerMaker":false},{"id":"3458800711","price":85004,"qty":0.11692,"timestamp":1740824583301,"isBuyerMaker":true},{"id":"3458800712","price":85004,"qty":0.11967,"timestamp":1740824583334,"isBuyerMaker":true},{"id":"3458800713","price":85004,"qty":0.00047,"timestamp":1740824583337,"isBuyerMaker":true},{"id":"3458800714","price":85003.98,"qty":0.00043,"timestamp":1740824583337,"isBuyerMaker":true},{"id":"3458800715","price":85003.94,"qty":0.00029,"timestamp":1740824583337,"isBuyerMaker":true},{"id":"3458800716","price":85003.91,"qty":0.00089,"timestamp":1740824583337,"isBuyerMaker":true},{"id":"3458800717","price":85003.74,"qty":0.00028,"timestamp":1740824583337,"isBuyerMaker":true},{"id":"3458800718","price":85003.73,"qty":0.01504,"timestamp":1740824583337,"isBuyerMaker":true},{"id":"3458800719","price":85003.73,"qty":0.12369,"timestamp":1740824583371,"isBuyerMaker":true},{"id":"3458800720","price":85003.74,"qty":0.00073,"timestamp":1740824583380,"isBuyerMaker":false},{"id":"3458800721","price":85003.73,"qty":0.12386,"timestamp":1740824583401,"isBuyerMaker":true},{"id":"3458800722","price":85003.73,"qty":0.0015,"timestamp":1740824583404,"isBuyerMaker":true},{"id":"3458800723","price":85003.73,"qty":0.023,"timestamp":1740824583429,"isBuyerMaker":true},{"id":"3458800724","price":85003.73,"qty":0.12508,"timestamp":1740824583432,"isBuyerMaker":true},{"id":"3458800725","price":85003.73,"qty":0.00451,"timestamp":1740824583440,"isBuyerMaker":true},{"id":"3458800726","price":85003.73,"qty":0.00026,"timestamp":1740824583449,"isBuyerMaker":true},{"id":"3458800727","price":85003.73,"qty":0.00048,"timestamp":1740824583456,"isBuyerMaker":true},{"id":"3458800728","price":85003.73,"qty":0.00074,"timestamp":1740824583462,"isBuyerMaker":true},{"id":"3458800729","price":85003.72,"qty":0.00014,"timestamp":1740824583462,"isBuyerMaker":true},{"id":"3458800730","price":85003.71,"qty":0.00042,"timestamp":1740824583462,"isBuyerMaker":true},{"id":"3458800731","price":85003.67,"qty":0.00028,"timestamp":1740824583462,"isBuyerMaker":true},{"id":"3458800732","price":85003.29,"qty":0.00014,"timestamp":1740824583462,"isBuyerMaker":true},{"id":"3458800733","price":85002.98,"qty":0.00014,"timestamp":1740824583462,"isBuyerMaker":true},{"id":"3458800734","price":85002.93,"qty":0.00014,"timestamp":1740824583462,"isBuyerMaker":true},{"id":"3458800735","price":85002.86,"qty":0.00008,"timestamp":1740824583462,"isBuyerMaker":true},{"id":"3458800736","price":85002.86,"qty":0.00006,"timestamp":1740824583463,"isBuyerMaker":true},{"id":"3458800737","price":85002.06,"qty":0.00014,"timestamp":1740824583463,"isBuyerMaker":true},{"id":"3458800738","price":85002.01,"qty":0.002,"timestamp":1740824583478,"isBuyerMaker":true},{"id":"3458800739","price":85002.01,"qty":0.015,"timestamp":1740824583483,"isBuyerMaker":true},{"id":"3458800740","price":85002.01,"qty":0.11962,"timestamp":1740824583493,"isBuyerMaker":true},{"id":"3458800741","price":85002.01,"qty":0.04617,"timestamp":1740824583528,"isBuyerMaker":true},{"id":"3458800742","price":85002,"qty":0.02346,"timestamp":1740824583528,"isBuyerMaker":true},{"id":"3458800743","price":85001.2,"qty":0.00114,"timestamp":1740824583528,"isBuyerMaker":true},{"id":"3458800744","price":85000.06,"qty":0.00519,"timestamp":1740824583528,"isBuyerMaker":true},{"id":"3458800745","price":85000.02,"qty":0.00028,"timestamp":1740824583528,"isBuyerMaker":true},{"id":"3458800746","price":85000.01,"qty":0.03475,"timestamp":1740824583528,"isBuyerMaker":true},{"id":"3458800747","price":85000.01,"qty":0.11098,"timestamp":1740824583565,"isBuyerMaker":true},{"id":"3458800748","price":85000.01,"qty":0.11015,"timestamp":1740824583601,"isBuyerMaker":true},{"id":"3458800749","price":85000.02,"qty":0.00023,"timestamp":1740824583832,"isBuyerMaker":false},{"id":"3458800750","price":85000.01,"qty":0.00026,"timestamp":1740824583879,"isBuyerMaker":true},{"id":"3458800751","price":85000.01,"qty":0.00113,"timestamp":1740824583908,"isBuyerMaker":true},{"id":"3458800752","price":85000.01,"qty":0.094,"timestamp":1740824584038,"isBuyerMaker":true},{"id":"3458800753","price":85000.01,"qty":0.00501,"timestamp":1740824584101,"isBuyerMaker":true},{"id":"3458800754","price":85000.01,"qty":0.00185,"timestamp":1740824584104,"isBuyerMaker":true},{"id":"3458800755","price":85000.01,"qty":0.10606,"timestamp":1740824584104,"isBuyerMaker":true},{"id":"3458800756","price":85000.01,"qty":0.01385,"timestamp":1740824584124,"isBuyerMaker":true},{"id":"3458800757","price":85000.01,"qty":0.10784,"timestamp":1740824584136,"isBuyerMaker":true},{"id":"3458800758","price":85000.01,"qty":0.023,"timestamp":1740824584310,"isBuyerMaker":true},{"id":"3458800759","price":85000.01,"qty":0.10606,"timestamp":1740824584317,"isBuyerMaker":true},{"id":"3458800760","price":85000.01,"qty":0.00015,"timestamp":1740824584329,"isBuyerMaker":true},{"id":"3458800761","price":85000.01,"qty":0.00015,"timestamp":1740824584335,"isBuyerMaker":true},{"id":"3458800762","price":85000.01,"qty":0.00015,"timestamp":1740824584338,"isBuyerMaker":true},{"id":"3458800763","price":85000.01,"qty":0.0015,"timestamp":1740824584406,"isBuyerMaker":true},{"id":"3458800764","price":85000.01,"qty":0.00172,"timestamp":1740824584493,"isBuyerMaker":true},{"id":"3458800765","price":85000.01,"qty":0.023,"timestamp":1740824585758,"isBuyerMaker":true},{"id":"3458800766","price":85000.01,"qty":0.023,"timestamp":1740824585758,"isBuyerMaker":true},{"id":"3458800767","price":85000.01,"qty":0.017,"timestamp":1740824585759,"isBuyerMaker":true},{"id":"3458800768","price":85000.01,"qty":0.00112,"timestamp":1740824585775,"isBuyerMaker":true},{"id":"3458800769","price":85000.01,"qty":0.023,"timestamp":1740824585874,"isBuyerMaker":true},{"id":"3458800770","price":85000.01,"qty":0.023,"timestamp":1740824585879,"isBuyerMaker":true},{"id":"3458800771","price":85000.01,"qty":0.023,"timestamp":1740824585880,"isBuyerMaker":true},{"id":"3458800772","price":85000.01,"qty":0.027,"timestamp":1740824585880,"isBuyerMaker":true},{"id":"3458800773","price":85000.01,"qty":0.023,"timestamp":1740824585881,"isBuyerMaker":true},{"id":"3458800774","price":85000.01,"qty":0.023,"timestamp":1740824586378,"isBuyerMaker":true},{"id":"3458800775","price":85000.01,"qty":0.023,"timestamp":1740824586437,"isBuyerMaker":true},{"id":"3458800776","price":85000.01,"qty":0.017,"timestamp":1740824586438,"isBuyerMaker":true},{"id":"3458800777","price":85000.01,"qty":0.00244,"timestamp":1740824586460,"isBuyerMaker":true},{"id":"3458800778","price":85000.01,"qty":0.023,"timestamp":1740824586729,"isBuyerMaker":true},{"id":"3458800779","price":85000.01,"qty":0.023,"timestamp":1740824586731,"isBuyerMaker":true},{"id":"3458800780","price":85000.01,"qty":0.027,"timestamp":1740824586731,"isBuyerMaker":true},{"id":"3458800781","price":85000.01,"qty":0.023,"timestamp":1740824586731,"isBuyerMaker":true},{"id":"3458800782","price":85000.01,"qty":0.023,"timestamp":1740824586732,"isBuyerMaker":true},{"id":"3458800783","price":85000.01,"qty":0.023,"timestamp":1740824586732,"isBuyerMaker":true},{"id":"3458800784","price":85000.02,"qty":0.01197,"timestamp":1740824586969,"isBuyerMaker":false},{"id":"3458800785","price":85000.01,"qty":0.00117,"timestamp":1740824587029,"isBuyerMaker":true},{"id":"3458800786","price":85000.01,"qty":0.00409,"timestamp":1740824587214,"isBuyerMaker":true},{"id":"3458800787","price":85000.01,"qty":0.0169,"timestamp":1740824587259,"isBuyerMaker":true},{"id":"3458800788","price":85000.01,"qty":0.10649,"timestamp":1740824587262,"isBuyerMaker":true},{"id":"3458800789","price":85000.01,"qty":0.01027,"timestamp":1740824587283,"isBuyerMaker":true},{"id":"3458800790","price":85000.01,"qty":0.00219,"timestamp":1740824587283,"isBuyerMaker":true},{"id":"3458800791","price":85000.01,"qty":0.00194,"timestamp":1740824587291,"isBuyerMaker":true},{"id":"3458800792","price":85000,"qty":0.00826,"timestamp":1740824587291,"isBuyerMaker":true},{"id":"3458800793","price":85000,"qty":0.10788,"timestamp":1740824587294,"isBuyerMaker":true},{"id":"3458800794","price":85000,"qty":0.00015,"timestamp":1740824587295,"isBuyerMaker":true},{"id":"3458800795","price":85000,"qty":0.03,"timestamp":1740824587302,"isBuyerMaker":true},{"id":"3458800796","price":85000,"qty":0.00387,"timestamp":1740824587306,"isBuyerMaker":true},{"id":"3458800797","price":85000,"qty":0.00015,"timestamp":1740824587309,"isBuyerMaker":true},{"id":"3458800798","price":85000,"qty":0.03,"timestamp":1740824587318,"isBuyerMaker":true},{"id":"3458800799","price":85000,"qty":0.00015,"timestamp":1740824587320,"isBuyerMaker":true},{"id":"3458800800","price":85000,"qty":0.00015,"timestamp":1740824587324,"isBuyerMaker":true},{"id":"3458800801","price":85000,"qty":0.00015,"timestamp":1740824587327,"isBuyerMaker":true},{"id":"3458800802","price":85000,"qty":0.00015,"timestamp":1740824587330,"isBuyerMaker":true},{"id":"3458800803","price":85000,"qty":0.00015,"timestamp":1740824587331,"isBuyerMaker":true},{"id":"3458800804","price":85000,"qty":0.00015,"timestamp":1740824587332,"isBuyerMaker":true},{"id":"3458800805","price":85000,"qty":0.00028,"timestamp":1740824587823,"isBuyerMaker":true},{"id":"3458800806","price":85000,"qty":0.00167,"timestamp":1740824587827,"isBuyerMaker":true},{"id":"3458800807","price":85000,"qty":0.00015,"timestamp":1740824587881,"isBuyerMaker":true},{"id":"3458800808","price":85000,"qty":0.00015,"timestamp":1740824587896,"isBuyerMaker":true},{"id":"3458800809","price":85000,"qty":0.00015,"timestamp":1740824587903,"isBuyerMaker":true},{"id":"3458800810","price":85000,"qty":0.00015,"timestamp":1740824587910,"isBuyerMaker":true},{"id":"3458800811","price":85000,"qty":0.00015,"timestamp":1740824587913,"isBuyerMaker":true},{"id":"3458800812","price":85000,"qty":0.00015,"timestamp":1740824587916,"isBuyerMaker":true},{"id":"3458800813","price":85000,"qty":0.00015,"timestamp":1740824587920,"isBuyerMaker":true},{"id":"3458800814","price":85000,"qty":0.00015,"timestamp":1740824587923,"isBuyerMaker":true},{"id":"3458800815","price":85000,"qty":0.094,"timestamp":1740824588037,"isBuyerMaker":true},{"id":"3458800816","price":85000.01,"qty":0.00165,"timestamp":1740824588152,"isBuyerMaker":false},{"id":"3458800817","price":85000.01,"qty":0.00045,"timestamp":1740824588269,"isBuyerMaker":false},{"id":"3458800818","price":85000,"qty":0.0007,"timestamp":1740824588270,"isBuyerMaker":true},{"id":"3458800819","price":85000,"qty":0.008,"timestamp":1740824588360,"isBuyerMaker":true},{"id":"3458800820","price":85000,"qty":0.00071,"timestamp":1740824588522,"isBuyerMaker":true},{"id":"3458800821","price":85000,"qty":0.00019,"timestamp":1740824588565,"isBuyerMaker":true},{"id":"3458800822","price":85000,"qty":0.023,"timestamp":1740824588643,"isBuyerMaker":true},{"id":"3458800823","price":85000,"qty":0.023,"timestamp":1740824588824,"isBuyerMaker":true},{"id":"3458800824","price":85000,"qty":0.027,"timestamp":1740824588826,"isBuyerMaker":true},{"id":"3458800825","price":85000,"qty":0.017,"timestamp":1740824588826,"isBuyerMaker":true},{"id":"3458800826","price":85000,"qty":0.00031,"timestamp":1740824588893,"isBuyerMaker":true},{"id":"3458800827","price":85000,"qty":0.10648,"timestamp":1740824588900,"isBuyerMaker":true},{"id":"3458800828","price":85000,"qty":0.00015,"timestamp":1740824588926,"isBuyerMaker":true},{"id":"3458800829","price":85000,"qty":0.00015,"timestamp":1740824588934,"isBuyerMaker":true},{"id":"3458800830","price":85000,"qty":0.00015,"timestamp":1740824588950,"isBuyerMaker":true},{"id":"3458800831","price":85000,"qty":0.00015,"timestamp":1740824588951,"isBuyerMaker":true},{"id":"3458800832","price":85000,"qty":0.00015,"timestamp":1740824588970,"isBuyerMaker":true},{"id":"3458800833","price":85000,"qty":0.0032,"timestamp":1740824588971,"isBuyerMaker":true},{"id":"3458800834","price":85000,"qty":0.00015,"timestamp":1740824588973,"isBuyerMaker":true},{"id":"3458800835","price":85000,"qty":0.00015,"timestamp":1740824588976,"isBuyerMaker":true},{"id":"3458800836","price":85000,"qty":0.00015,"timestamp":1740824588978,"isBuyerMaker":true},{"id":"3458800837","price":85000,"qty":0.00015,"timestamp":1740824588981,"isBuyerMaker":true},{"id":"3458800838","price":85000,"qty":0.00015,"timestamp":1740824588981,"isBuyerMaker":true},{"id":"3458800839","price":85000,"qty":0.00015,"timestamp":1740824588982,"isBuyerMaker":true},{"id":"3458800840","price":85000,"qty":0.00015,"timestamp":1740824588983,"isBuyerMaker":true},{"id":"3458800841","price":85000,"qty":0.00015,"timestamp":1740824588987,"isBuyerMaker":true},{"id":"3458800842","price":85000,"qty":0.00015,"timestamp":1740824588991,"isBuyerMaker":true},{"id":"3458800843","price":85000,"qty":0.00015,"timestamp":1740824588994,"isBuyerMaker":true},{"id":"3458800844","price":85000,"qty":0.00015,"timestamp":1740824588997,"isBuyerMaker":true},{"id":"3458800845","price":85000,"qty":0.00015,"timestamp":1740824589000,"isBuyerMaker":true},{"id":"3458800846","price":85000,"qty":0.00015,"timestamp":1740824589000,"isBuyerMaker":true},{"id":"3458800847","price":85000,"qty":0.00015,"timestamp":1740824589006,"isBuyerMaker":true},{"id":"3458800848","price":85000,"qty":0.00015,"timestamp":1740824589009,"isBuyerMaker":true},{"id":"3458800849","price":85000,"qty":0.00015,"timestamp":1740824589011,"isBuyerMaker":true},{"id":"3458800850","price":85000,"qty":0.00015,"timestamp":1740824589013,"isBuyerMaker":true},{"id":"3458800851","price":85000,"qty":0.00015,"timestamp":1740824589014,"isBuyerMaker":true},{"id":"3458800852","price":85000,"qty":0.00015,"timestamp":1740824589018,"isBuyerMaker":true},{"id":"3458800853","price":85000,"qty":0.00015,"timestamp":1740824589020,"isBuyerMaker":true},{"id":"3458800854","price":85000,"qty":0.00015,"timestamp":1740824589020,"isBuyerMaker":true},{"id":"3458800855","price":85000,"qty":0.00015,"timestamp":1740824589020,"isBuyerMaker":true},{"id":"3458800856","price":85000,"qty":0.00015,"timestamp":1740824589021,"isBuyerMaker":true},{"id":"3458800857","price":85000,"qty":0.00015,"timestamp":1740824589022,"isBuyerMaker":true},{"id":"3458800858","price":85000,"qty":0.00015,"timestamp":1740824589024,"isBuyerMaker":true},{"id":"3458800859","price":85000,"qty":0.00015,"timestamp":1740824589026,"isBuyerMaker":true},{"id":"3458800860","price":85000,"qty":0.00015,"timestamp":1740824589027,"isBuyerMaker":true},{"id":"3458800861","price":85000,"qty":0.00015,"timestamp":1740824589028,"isBuyerMaker":true},{"id":"3458800862","price":85000,"qty":0.00015,"timestamp":1740824589033,"isBuyerMaker":true},{"id":"3458800863","price":85000,"qty":0.00015,"timestamp":1740824589034,"isBuyerMaker":true},{"id":"3458800864","price":85000,"qty":0.00015,"timestamp":1740824589034,"isBuyerMaker":true},{"id":"3458800865","price":85000,"qty":0.00015,"timestamp":1740824589036,"isBuyerMaker":true},{"id":"3458800866","price":85000,"qty":0.00015,"timestamp":1740824589041,"isBuyerMaker":true},{"id":"3458800867","price":85000,"qty":0.00015,"timestamp":1740824589041,"isBuyerMaker":true},{"id":"3458800868","price":85000,"qty":0.00015,"timestamp":1740824589041,"isBuyerMaker":true},{"id":"3458800869","price":85000,"qty":0.00015,"timestamp":1740824589042,"isBuyerMaker":true},{"id":"3458800870","price":85000,"qty":0.00014,"timestamp":1740824589044,"isBuyerMaker":true},{"id":"3458800871","price":85000,"qty":0.00015,"timestamp":1740824589047,"isBuyerMaker":true},{"id":"3458800872","price":85000,"qty":0.00015,"timestamp":1740824589048,"isBuyerMaker":true},{"id":"3458800873","price":85000,"qty":0.00015,"timestamp":1740824589050,"isBuyerMaker":true},{"id":"3458800874","price":85000,"qty":0.00015,"timestamp":1740824589050,"isBuyerMaker":true},{"id":"3458800875","price":85000,"qty":0.00015,"timestamp":1740824589055,"isBuyerMaker":true},{"id":"3458800876","price":85000,"qty":0.00015,"timestamp":1740824589058,"isBuyerMaker":true}]}