{"label":"spike_4_vol","ts_ms":1740828930000,"historical":[{"id":"3458897007","price":84620.95,"qty":0.00014,"timestamp":1740828894109,"isBuyerMaker":true},{"id":"3458897008","price":84620.94,"qty":0.00014,"timestamp":1740828894109,"isBuyerMaker":true},{"id":"3458897009","price":84620.84,"qty":0.00035,"timestamp":1740828894109,"isBuyerMaker":true},{"id":"3458897010","price":84620.83,"qty":0.00026,"timestamp":1740828894109,"isBuyerMaker":true},{"id":"3458897011","price":84620.82,"qty":0.00065,"timestamp":1740828894109,"isBuyerMaker":true},{"id":"3458897012","price":84620.81,"qty":0.11841,"timestamp":1740828894109,"isBuyerMaker":true},{"id":"3458897013","price":84620.73,"qty":0.00014,"timestamp":1740828894109,"isBuyerMaker":true},{"id":"3458897014","price":84620.7,"qty":0.00014,"timestamp":1740828894109,"isBuyerMaker":true},{"id":"3458897015","price":84620.69,"qty":0.09168,"timestamp":1740828894109,"isBuyerMaker":true},{"id":"3458897016","price":84620.69,"qty":0.61066,"timestamp":1740828894109,"isBuyerMaker":true},{"id":"3458897017","price":84620,"qty":0.00024,"timestamp":1740828894109,"isBuyerMaker":true},{"id":"3458897018","price":84618,"qty":0.00012,"timestamp":1740828894110,"isBuyerMaker":true},{"id":"3458897019","price":84617.61,"qty":0.06471,"timestamp":1740828894110,"isBuyerMaker":true},{"id":"3458897020","price":84617.61,"qty":0.00012,"timestamp":1740828894111,"isBuyerMaker":true},{"id":"3458897021","price":84616.26,"qty":0.04172,"timestamp":1740828894111,"isBuyerMaker":true},{"id":"3458897022","price":84616.08,"qty":0.02363,"timestamp":1740828894111,"isBuyerMaker":true},{"id":"3458897023","price":84615.16,"qty":0.00009,"timestamp":1740828894111,"isBuyerMaker":true},{"id":"3458897024","price":84614.87,"qty":0.01199,"timestamp":1740828894111,"isBuyerMaker":true},{"id":"3458897025","price":84614.87,"qty":0.0132,"timestamp":1740828894112,"isBuyerMaker":true},{"id":"3458897026","price":84614.87,"qty":0.05481,"timestamp":1740828894112,"isBuyerMaker":true},{"id":"3458897027","price":84614.43,"qty":0.01012,"timestamp":1740828894112,"isBuyerMaker":true},{"id":"3458897028","price":84614.02,"qty":0.00696,"timestamp":1740828894112,"isBuyerMaker":true},{"id":"3458897029","price":84614.02,"qty":0.3221,"timestamp":1740828894113,"isBuyerMaker":true},{"id":"3458897030","price":84614,"qty":0.0144,"timestamp":1740828894113,"isBuyerMaker":true},{"id":"3458897031","price":84613.95,"qty":0.01007,"timestamp":1740828894113,"isBuyerMaker":true},{"id":"3458897032","price":84613.9,"qty":0.00307,"timestamp":1740828894113,"isBuyerMaker":true},{"id":"3458897033","price":84613.59,"qty":0.00006,"timestamp":1740828894113,"isBuyerMaker":true},{"id":"3458897034","price":84612.68,"qty":0.003,"timestamp":1740828894113,"isBuyerMaker":true},{"id":"3458897035","price":84612.27,"qty":0.63,"timestamp":1740828894113,"isBuyerMaker":true},{"id":"3458897036","price":84612,"qty":0.0144,"timestamp":1740828894113,"isBuyerMaker":true},{"id":"3458897037","price":84611.66,"qty":0.06413,"timestamp":1740828894113,"isBuyerMaker":true},{"id":"3458897038","price":84611.66,"qty":0.07587,"timestamp":1740828894113,"isBuyerMaker":true},{"id":"3458897039","price":84611.02,"qty":0.00445,"timestamp":1740828894113,"isBuyerMaker":true},{"id":"3458897040","price":84610.82,"qty":0.00085,"timestamp":1740828894113,"isBuyerMaker":true},{"id":"3458897041","price":84610.58,"qty":0.00012,"timestamp":1740828894113,"isBuyerMaker":true},{"id":"3458897042","price":84610.57,"qty":0.00148,"timestamp":1740828894113,"isBuyerMaker":true},{"id":"3458897043","price":84610.31,"qty":0.00106,"timestamp":1740828894113,"isBuyerMaker":true},{"id":"3458897044","price":84610.26,"qty":0.19066,"timestamp":1740828894113,"isBuyerMaker":true},{"id":"3458897045","price":84610,"qty":0.0144,"timestamp":1740828894113,"isBuyerMaker":true},{"id":"3458897046","price":84609.77,"qty":0.00088,"timestamp":1740828894113,"isBuyerMaker":true},{"id":"3458897047","price":84609.61,"qty":0.00006,"timestamp":1740828894113,"isBuyerMaker":true},{"id":"3458897048","price":84608.67,"qty":0.00006,"timestamp":1740828894113,"isBuyerMaker":true},{"id":"3458897049","price":84608.13,"qty":0.001,"timestamp":1740828894115,"isBuyerMaker":true},{"id":"3458897050","price":84608.13,"qty":0.00975,"timestamp":1740828894117,"isBuyerMaker":true},{"id":"3458897051","price":84608.13,"qty":0.03513,"timestamp":1740828894120,"isBuyerMaker":true},{"id":"3458897052","price":84608.13,"qty":0.01033,"timestamp":1740828894122,"isBuyerMaker":true},{"id":"3458897053","price":84608.13,"qty":0.0218,"timestamp":1740828894122,"isBuyerMaker":true},{"id":"3458897054","price":84607.94,"qty":0.00686,"timestamp":1740828894122,"isBuyerMaker":true},{"id":"3458897055","price":84607.69,"qty":0.04746,"timestamp":1740828894122,"isBuyerMaker":true},{"id":"3458897056","price":84607.4,"qty":0.00013,"timestamp":1740828894122,"isBuyerMaker":true},{"id":"3458897057","price":84606.6,"qty":0.00087,"timestamp":1740828894122,"isBuyerMaker":true},{"id":"3458897058","price":84606.6,"qty":0.001,"timestamp":1740828894123,"isBuyerMaker":true},{"id":"3458897059","price":84606.6,"qty":0.001,"timestamp":1740828894123,"isBuyerMaker":true},{"id":"3458897060","price":84606.6,"qty":0.05624,"timestamp":1740828894124,"isBuyerMaker":true},{"id":"3458897061","price":84606.35,"qty":0.00012,"timestamp":1740828894124,"isBuyerMaker":true},{"id":"3458897062","price":84605.64,"qty":0.00006,"timestamp":1740828894124,"isBuyerMaker":true},{"id":"3458897063","price":84605.07,"qty":0.03031,"timestamp":1740828894124,"isBuyerMaker":true},{"id":"3458897064","price":84605.07,"qty":0.05624,"timestamp":1740828894124,"isBuyerMaker":true},{"id":"3458897065","price":84605.07,"qty":0.02105,"timestamp":1740828894126,"isBuyerMaker":true},{"id":"3458897066","price":84605.07,"qty":0.001,"timestamp":1740828894126,"isBuyerMaker":true},{"id":"3458897067","price":84605.07,"qty":0.0674,"timestamp":1740828894126,"isBuyerMaker":true},{"id":"3458897068","price":84605.06,"qty":0.0112,"timestamp":1740828894126,"isBuyerMaker":true},{"id":"3458897069","price":84605.06,"qty":0.1488,"timestamp":1740828894129,"isBuyerMaker":true},{"id":"3458897070","price":84604.48,"qty":0.00006,"timestamp":1740828894129,"isBuyerMaker":true},{"id":"3458897071","price":84604.44,"qty":0.01315,"timestamp":1740828894129,"isBuyerMaker":true},{"id":"3458897072","price":84604.37,"qty":0.00505,"timestamp":1740828894129,"isBuyerMaker":true},{"id":"3458897073","price":84604.23,"qty":0.02454,"timestamp":1740828894129,"isBuyerMaker":true},{"id":"3458897074","price":84604.22,"qty":0.00686,"timestamp":1740828894129,"isBuyerMaker":true},{"id":"3458897075","price":84603.8,"qty":0.176,"timestamp":1740828894129,"isBuyerMaker":true},{"id":"3458897076","price":84603.79,"qty":0.52054,"timestamp":1740828894129,"isBuyerMaker":true},{"id":"3458897077","price":84603.79,"qty":0.04784,"timestamp":1740828894129,"isBuyerMaker":true},{"id":"3458897078","price":84603.79,"qty":0.00259,"timestamp":1740828894130,"isBuyerMaker":true},{"id":"3458897079","price":84603.32,"qty":0.00012,"timestamp":1740828894130,"isBuyerMaker":true},{"id":"3458897080","price":84602.82,"qty":0.04174,"timestamp":1740828894130,"isBuyerMaker":true},{"id":"3458897081","price":84602.54,"qty":0.003,"timestamp":1740828894130,"isBuyerMaker":true},{"id":"3458897082","price":84602.52,"qty":0.176,"timestamp":1740828894130,"isBuyerMaker":true},{"id":"3458897083","price":84601.66,"qty":0.00006,"timestamp":1740828894130,"isBuyerMaker":true},{"id":"3458897084","price":84600.33,"qty":0.00058,"timestamp":1740828894130,"isBuyerMaker":true},{"id":"3458897085","price":84608.13,"qty":0.00012,"timestamp":1740828894140,"isBuyerMaker":true},{"id":"3458897086","price":84608,"qty":0.00012,"timestamp":1740828894140,"isBuyerMaker":true},{"id":"3458897087","price":84607.2,"qty":0.00012,"timestamp":1740828894140,"isBuyerMaker":true},{"id":"3458897088","price":84605.06,"qty":0.00012,"timestamp":1740828894142,"isBuyerMaker":true},{"id":"3458897089","price":84600.33,"qty":0.00628,"timestamp":1740828894142,"isBuyerMaker":true},{"id":"3458897090","price":84600.29,"qty":0.00006,"timestamp":1740828894142,"isBuyerMaker":true},{"id":"3458897091","price":84600.13,"qty":0.01315,"timestamp":1740828894142,"isBuyerMaker":true},{"id":"3458897092","price":84600.09,"qty":0.08801,"timestamp":1740828894142,"isBuyerMaker":true},{"id":"3458897093","price":84600,"qty":1.33328,"timestamp":1740828894142,"isBuyerMaker":true},{"id":"3458897094","price":84604.23,"qty":0.00012,"timestamp":1740828894152,"isBuyerMaker":true},{"id":"3458897095","price":84600,"qty":0.01775,"timestamp":1740828894154,"isBuyerMaker":true},{"id":"3458897096","price":84603.69,"qty":0.0575,"timestamp":1740828894156,"isBuyerMaker":true},{"id":"3458897097","price":84603.69,"qty":0.01183,"timestamp":1740828894156,"isBuyerMaker":true},{"id":"3458897098","price":84603.79,"qty":0.00012,"timestamp":1740828894164,"isBuyerMaker":true},{"id":"3458897099","price":84603.69,"qty":0.07988,"timestamp":1740828894164,"isBuyerMaker":true},{"id":"3458897100","price":84603.69,"qty":0.01079,"timestamp":1740828894165,"isBuyerMaker":true},{"id":"3458897101","price":84602.82,"qty":0.00012,"timestamp":1740828894165,"isBuyerMaker":true},{"id":"3458897102","price":84602.52,"qty":0.00012,"timestamp":1740828894165,"isBuyerMaker":true},{"id":"3458897103","price":84600.39,"qty":0.16,"timestamp":1740828894167,"isBuyerMaker":true},{"id":"3458897104","price":84600.13,"qty":0.00012,"timestamp":1740828894173,"isBuyerMaker":true},{"id":"3458897105","price":84600.09,"qty":0.00012,"timestamp":1740828894173,"isBuyerMaker":true},{"id":"3458897106","price":84600,"qty":0.31976,"timestamp":1740828894173,"isBuyerMaker":true},{"id":"3458897107","price":84600,"qty":0.06199,"timestamp":1740828894178,"isBuyerMaker":true},{"id":"3458897108","price":84600.1,"qty":0.11809,"timestamp":1740828894178,"isBuyerMaker":false},{"id":"3458897109","price":84600,"qty":0.03517,"timestamp":1740828894179,"isBuyerMaker":true},{"id":"3458897110","price":84600,"qty":0.03329,"timestamp":1740828894181,"isBuyerMaker":true},{"id":"3458897111","price":84600,"qty":0.02352,"timestamp":1740828894187,"isBuyerMaker":true},{"id":"3458897112","price":84600,"qty":0.00028,"timestamp":1740828894196,"isBuyerMaker":true},{"id":"3458897113","price":84600,"qty":0.00028,"timestamp":1740828894197,"isBuyerMaker":true},{"id":"3458897114","price":84600,"qty":1.1742,"timestamp":1740828894214,"isBuyerMaker":true},{"id":"3458897115","price":84600,"qty":1.1614,"timestamp":1740828894214,"isBuyerMaker":true},{"id":"3458897116","price":84600,"qty":0.005,"timestamp":1740828894215,"isBuyerMaker":true},{"id":"3458897117","price":84600,"qty":0.6063,"timestamp":1740828894215,"isBuyerMaker":true},{"id":"3458897118","price":84600,"qty":0.01,"timestamp":1740828894215,"isBuyerMaker":true},{"id":"3458897119","price":84600,"qty":0.01,"timestamp":1740828894216,"isBuyerMaker":true},{"id":"3458897120","price":84600,"qty":0.32,"timestamp":1740828894216,"isBuyerMaker":true},{"id":"3458897121","price":84600,"qty":0.005,"timestamp":1740828894216,"isBuyerMaker":true},{"id":"3458897122","price":84600,"qty":0.945,"timestamp":1740828894219,"isBuyerMaker":true},{"id":"3458897123","price":84600.01,"qty":0.11465,"timestamp":1740828894220,"isBuyerMaker":false},{"id":"3458897124","price":84600.01,"qty":0.00099,"timestamp":1740828894267,"isBuyerMaker":false},{"id":"3458897125","price":84600,"qty":0.02,"timestamp":1740828894307,"isBuyerMaker":true},{"id":"3458897126","price":84600.01,"qty":0.03613,"timestamp":1740828894310,"isBuyerMaker":false},{"id":"3458897127","price":84600.01,"qty":0.00354,"timestamp":1740828894316,"isBuyerMaker":false},{"id":"3458897128","price":84600.01,"qty":0.02229,"timestamp":1740828894349,"isBuyerMaker":false},{"id":"3458897129","price":84600,"qty":0.00418,"timestamp":1740828894483,"isBuyerMaker":true},{"id":"3458897130","price":84600,"qty":0.00015,"timestamp":1740828894485,"isBuyerMaker":true},{"id":"3458897131","price":84600.01,"qty":0.00885,"timestamp":1740828894490,"isBuyerMaker":false},{"id":"3458897132","price":84600,"qty":0.0003,"timestamp":1740828894627,"isBuyerMaker":true},{"id":"3458897133","price":84600,"qty":0.00033,"timestamp":1740828894629,"isBuyerMaker":true},{"id":"3458897134","price":84600,"qty":0.00031,"timestamp":1740828894632,"isBuyerMaker":true},{"id":"3458897135","price":84600,"qty":0.00031,"timestamp":1740828894638,"isBuyerMaker":true},{"id":"3458897136","price":84600.01,"qty":0.0045,"timestamp":1740828894717,"isBuyerMaker":false},{"id":"3458897137","price":84600,"qty":0.00565,"timestamp":1740828894768,"isBuyerMaker":true},{"id":"3458897138","price":84600.01,"qty":0.00117,"timestamp":1740828894922,"isBuyerMaker":false},{"id":"3458897139","price":84600,"qty":0.12952,"timestamp":1740828895030,"isBuyerMaker":true},{"id":"3458897140","price":84600,"qty":0.00335,"timestamp":1740828895400,"isBuyerMaker":true},{"id":"3458897141","price":84600,"qty":0.00899,"timestamp":1740828895406,"isBuyerMaker":true},{"id":"3458897142","price":84600.01,"qty":0.00117,"timestamp":1740828895410,"isBuyerMaker":false},{"id":"3458897143","price":84600,"qty":0.008,"timestamp":1740828895448,"isBuyerMaker":true},{"id":"3458897144","price":84600,"qty":0.015,"timestamp":1740828895448,"isBuyerMaker":true},{"id":"3458897145","price":84600,"qty":0.015,"timestamp":1740828895449,"isBuyerMaker":true},{"id":"3458897146","price":84600,"qty":0.015,"timestamp":1740828895449,"isBuyerMaker":true},{"id":"3458897147","price":84600,"qty":0.012,"timestamp":1740828895450,"isBuyerMaker":true},{"id":"3458897148","price":84600,"qty":0.015,"timestamp":1740828895450,"isBuyerMaker":true},{"id":"3458897149","price":84600,"qty":0.015,"timestamp":1740828895450,"isBuyerMaker":true},{"id":"3458897150","price":84600.01,"qty":0.00032,"timestamp":1740828895725,"isBuyerMaker":false},{"id":"3458897151","price":84600.01,"qty":0.00044,"timestamp":1740828895766,"isBuyerMaker":false},{"id":"3458897152","price":84600,"qty":0.00015,"timestamp":1740828895825,"isBuyerMaker":true},{"id":"3458897153","price":84600.01,"qty":0.00031,"timestamp":1740828895875,"isBuyerMaker":false},{"id":"3458897154","price":84600.01,"qty":0.00032,"timestamp":1740828896165,"isBuyerMaker":false},{"id":"3458897155","price":84600,"qty":0.00015,"timestamp":1740828896205,"isBuyerMaker":true},{"id":"3458897156","price":84600,"qty":0.00015,"timestamp":1740828896214,"isBuyerMaker":true},{"id":"3458897157","price":84600,"qty":0.00015,"timestamp":1740828896226,"isBuyerMaker":true},{"id":"3458897158","price":84600,"qty":0.00015,"timestamp":1740828896230,"isBuyerMaker":true},{"id":"3458897159","price":84600.01,"qty":0.00031,"timestamp":1740828896590,"isBuyerMaker":false},{"id":"3458897160","price":84600,"qty":0.00055,"timestamp":1740828896709,"isBuyerMaker":true},{"id":"3458897161","price":84600.01,"qty":0.00185,"timestamp":1740828897123,"isBuyerMaker":false},{"id":"3458897162","price":84600.01,"qty":0.0577,"timestamp":1740828897157,"isBuyerMaker":false},{"id":"3458897163","price":84600,"qty":0.00012,"timestamp":1740828897260,"isBuyerMaker":true},{"id":"3458897164","price":84600.01,"qty":0.00377,"timestamp":1740828897342,"isBuyerMaker":false},{"id":"3458897165","price":84600,"qty":0.00018,"timestamp":1740828897564,"isBuyerMaker":true},{"id":"3458897166","price":84600,"qty":0.07744,"timestamp":1740828897799,"isBuyerMaker":true},{"id":"3458897167","price":84600,"qty":0.06519,"timestamp":1740828897800,"isBuyerMaker":true},{"id":"3458897168","price":84600,"qty":0.21167,"timestamp":1740828897800,"isBuyerMaker":true},{"id":"3458897169","price":84600,"qty":0.02206,"timestamp":1740828897800,"isBuyerMaker":true},{"id":"3458897170","price":84600,"qty":0.07312,"timestamp":1740828897802,"isBuyerMaker":true},{"id":"3458897171","price":84600,"qty":0.07278,"timestamp":1740828897802,"isBuyerMaker":true},{"id":"3458897172","price":84600,"qty":0.10858,"timestamp":1740828897803,"isBuyerMaker":true},{"id":"3458897173","price":84600,"qty":0.05332,"timestamp":1740828897803,"isBuyerMaker":true},{"id":"3458897174","price":84600,"qty":0.12899,"timestamp":1740828897803,"isBuyerMaker":true},{"id":"3458897175","price":84600,"qty":0.03047,"timestamp":1740828897805,"isBuyerMaker":true},{"id":"3458897176","price":84600,"qty":0.0001,"timestamp":1740828897806,"isBuyerMaker":true},{"id":"3458897177","price":84600,"qty":0.00527,"timestamp":1740828897809,"isBuyerMaker":true},{"id":"3458897178","price":84600,"qty":0.023,"timestamp":1740828897811,"isBuyerMaker":true},{"id":"3458897179","price":84600,"qty":0.027,"timestamp":1740828897812,"isBuyerMaker":true},{"id":"3458897180","price":84600,"qty":0.0101,"timestamp":1740828897819,"isBuyerMaker":true},{"id":"3458897181","price":84600.01,"qty":0.00117,"timestamp":1740828897830,"isBuyerMaker":false},{"id":"3458897182","price":84600,"qty":0.11336,"timestamp":1740828897833,"isBuyerMaker":true},{"id":"3458897183","price":84600,"qty":0.0285,"timestamp":1740828897848,"isBuyerMaker":true},{"id":"3458897184","price":84600,"qty":0.02373,"timestamp":1740828897857,"isBuyerMaker":true},{"id":"3458897185","price":84600,"qty":0.11674,"timestamp":1740828897870,"isBuyerMaker":true},{"id":"3458897186","price":84600,"qty":0.08425,"timestamp":1740828897879,"isBuyerMaker":true},{"id":"3458897187","price":84600,"qty":0.11218,"timestamp":1740828897902,"isBuyerMaker":true},{"id":"3458897188","price":84600,"qty":0.11009,"timestamp":1740828897939,"isBuyerMaker":true},{"id":"3458897189","price":84600,"qty":0.10751,"timestamp":1740828897998,"isBuyerMaker":true},{"id":"3458897190","price":84600.01,"qty":0.00006,"timestamp":1740828898410,"isBuyerMaker":false},{"id":"3458897191","price":84600.01,"qty":0.00624,"timestamp":1740828898521,"isBuyerMaker":false},{"id":"3458897192","price":84600,"qty":0.005,"timestamp":1740828898727,"isBuyerMaker":true},{"id":"3458897193","price":84600,"qty":0.017,"timestamp":1740828899029,"isBuyerMaker":true},{"id":"3458897194","price":84600,"qty":0.023,"timestamp":1740828899029,"isBuyerMaker":true},{"id":"3458897195","price":84600,"qty":0.023,"timestamp":1740828899029,"isBuyerMaker":true},{"id":"3458897196","price":84600,"qty":0.027,"timestamp":1740828899030,"isBuyerMaker":true},{"id":"3458897197","price":84600,"qty":0.023,"timestamp":1740828899030,"isBuyerMaker":true},{"id":"3458897198","price":84600,"qty":0.023,"timestamp":1740828899065,"isBuyerMaker":true},{"id":"3458897199","price":84600,"qty":0.00012,"timestamp":1740828899129,"isBuyerMaker":true},{"id":"3458897200","price":84600,"qty":0.023,"timestamp":1740828899170,"isBuyerMaker":true},{"id":"3458897201","price":84600,"qty":0.00573,"timestamp":1740828899271,"isBuyerMaker":true},{"id":"3458897202","price":84600,"qty":0.00307,"timestamp":1740828899291,"isBuyerMaker":true},{"id":"3458897203","price":84600,"qty":0.00014,"timestamp":1740828900061,"isBuyerMaker":true},{"id":"3458897204","price":84600,"qty":0.0067,"timestamp":1740828900107,"isBuyerMaker":true},{"id":"3458897205","price":84600,"qty":0.10754,"timestamp":1740828900116,"isBuyerMaker":true},{"id":"3458897206","price":84600.01,"qty":0.00012,"timestamp":1740828900117,"isBuyerMaker":false},{"id":"3458897207","price":84600.01,"qty":0.00018,"timestamp":1740828900119,"isBuyerMaker":false},{"id":"3458897208","price":84600,"qty":0.00013,"timestamp":1740828900134,"isBuyerMaker":true},{"id":"3458897209","price":84600,"qty":0.0169,"timestamp":1740828900141,"isBuyerMaker":true},{"id":"3458897210","price":84600,"qty":0.10838,"timestamp":1740828900149,"isBuyerMaker":true},{"id":"3458897211","price":84600,"qty":0.00013,"timestamp":1740828900149,"isBuyerMaker":true},{"id":"3458897212","price":84600,"qty":0.05326,"timestamp":1740828900500,"isBuyerMaker":true},{"id":"3458897213","price":84600.01,"qty":0.00534,"timestamp":1740828900874,"isBuyerMaker":false},{"id":"3458897214","price":84600.01,"qty":0.00011,"timestamp":1740828901254,"isBuyerMaker":false},{"id":"3458897215","price":84600.01,"qty":0.00015,"timestamp":1740828901433,"isBuyerMaker":false},{"id":"3458897216","price":84600,"qty":0.007,"timestamp":1740828901948,"isBuyerMaker":true},{"id":"3458897217","price":84600.01,"qty":0.00296,"timestamp":1740828902008,"isBuyerMaker":false},{"id":"3458897218","price":84600,"qty":0.00018,"timestamp":1740828902243,"isBuyerMaker":true},{"id":"3458897219","price":84600.01,"qty":1.2494,"timestamp":1740828902262,"isBuyerMaker":false},{"id":"3458897220","price":84600.01,"qty":0.80029,"timestamp":1740828902264,"isBuyerMaker":false},{"id":"3458897221","price":84600.03,"qty":0.00028,"timestamp":1740828902264,"isBuyerMaker":false},{"id":"3458897222","price":84600.07,"qty":0.00015,"timestamp":1740828902264,"isBuyerMaker":false},{"id":"3458897223","price":84600.12,"qty":0.04721,"timestamp":1740828902264,"isBuyerMaker":false},{"id":"3458897224","price":84600.29,"qty":0.00006,"timestamp":1740828902264,"isBuyerMaker":false},{"id":"3458897225","price":84601.01,"qty":0.00012,"timestamp":1740828902265,"isBuyerMaker":false},{"id":"3458897226","price":84602.04,"qty":0.02012,"timestamp":1740828902267,"isBuyerMaker":false},{"id":"3458897227","price":84602.52,"qty":0.01612,"timestamp":1740828902267,"isBuyerMaker":false},{"id":"3458897228","price":84602.53,"qty":0.00987,"timestamp":1740828902267,"isBuyerMaker":false},{"id":"3458897229","price":84602.97,"qty":0.27767,"timestamp":1740828902267,"isBuyerMaker":false},{"id":"3458897230","price":84602.99,"qty":0.03124,"timestamp":1740828902267,"isBuyerMaker":false},{"id":"3458897231","price":84603.79,"qty":0.65786,"timestamp":1740828902268,"isBuyerMaker":false},{"id":"3458897232","price":84604,"qty":0.00012,"timestamp":1740828902268,"isBuyerMaker":false},{"id":"3458897233","price":84603.78,"qty":0.0075,"timestamp":1740828902367,"isBuyerMaker":true},{"id":"3458897234","price":84603.79,"qty":0.00263,"timestamp":1740828902747,"isBuyerMaker":false},{"id":"3458897235","price":84603.79,"qty":0.02593,"timestamp":1740828902911,"isBuyerMaker":false},{"id":"3458897236","price":84603.8,"qty":0.00078,"timestamp":1740828902911,"isBuyerMaker":false},{"id":"3458897237","price":84603.81,"qty":0.00019,"timestamp":1740828902911,"isBuyerMaker":false},{"id":"3458897238","price":84603.81,"qty":0.0001,"timestamp":1740828902911,"isBuyerMaker":false},{"id":"3458897239","price":84603.85,"qty":0.00014,"timestamp":1740828902911,"isBuyerMaker":false},{"id":"3458897240","price":84604.22,"qty":0.00504,"timestamp":1740828902911,"isBuyerMaker":false},{"id":"3458897241","price":84604.48,"qty":0.00006,"timestamp":1740828902911,"isBuyerMaker":false},{"id":"3458897242","price":84604.6,"qty":0.00012,"timestamp":1740828902911,"isBuyerMaker":false},{"id":"3458897243","price":84605.57,"qty":0.00101,"timestamp":1740828902912,"isBuyerMaker":false},{"id":"3458897244","price":84605.63,"qty":0.00006,"timestamp":1740828902912,"isBuyerMaker":false},{"id":"3458897245","price":84606,"qty":0.00012,"timestamp":1740828902913,"isBuyerMaker":false},{"id":"3458897246","price":84608,"qty":0.02591,"timestamp":1740828902993,"isBuyerMaker":false},{"id":"3458897247","price":84608.01,"qty":0.0002,"timestamp":1740828902993,"isBuyerMaker":false},{"id":"3458897248","price":84608.05,"qty":0.00549,"timestamp":1740828902993,"isBuyerMaker":false},{"id":"3458897249","price":84608.6,"qty":0.001,"timestamp":1740828903012,"isBuyerMaker":false},{"id":"3458897250","price":84608.6,"qty":0.001,"timestamp":1740828903013,"isBuyerMaker":false},{"id":"3458897251","price":84608.6,"qty":0.001,"timestamp":1740828903013,"isBuyerMaker":false},{"id":"3458897252","price":84608.6,"qty":0.001,"timestamp":1740828903013,"isBuyerMaker":false},{"id":"3458897253","price":84608.6,"qty":0.001,"timestamp":1740828903013,"isBuyerMaker":false},{"id":"3458897254","price":84608.59,"qty":0.012,"timestamp":1740828903042,"isBuyerMaker":true},{"id":"3458897255","price":84608.59,"qty":0.01,"timestamp":1740828903043,"isBuyerMaker":true},{"id":"3458897256","price":84608.59,"qty":0.069,"timestamp":1740828903043,"isBuyerMaker":true},{"id":"3458897257","price":84608.59,"qty":0.004,"timestamp":1740828903043,"isBuyerMaker":true},{"id":"3458897258","price":84608.59,"qty":0.12091,"timestamp":1740828903153,"isBuyerMaker":true},{"id":"3458897259","price":84608.59,"qty":0.00061,"timestamp":1740828903718,"isBuyerMaker":true},{"id":"3458897260","price":84608.6,"qty":0.14724,"timestamp":1740828903878,"isBuyerMaker":false},{"id":"3458897261","price":84608.59,"qty":0.10714,"timestamp":1740828904121,"isBuyerMaker":true},{"id":"3458897262","price":84608.59,"qty":0.11577,"timestamp":1740828904153,"isBuyerMaker":true},{"id":"3458897263","price":84608.59,"qty":0.00198,"timestamp":1740828904167,"isBuyerMaker":true},{"id":"3458897264","price":84608.58,"qty":0.00028,"timestamp":1740828904167,"isBuyerMaker":true},{"id":"3458897265","price":84608.57,"qty":0.00028,"timestamp":1740828904167,"isBuyerMaker":true},{"id":"3458897266","price":84608.56,"qty":0.00029,"timestamp":1740828904167,"isBuyerMaker":true},{"id":"3458897267","price":84608.48,"qty":0.00006,"timestamp":1740828904167,"isBuyerMaker":true},{"id":"3458897268","price":84608.11,"qty":0.00014,"timestamp":1740828904167,"isBuyerMaker":true},{"id":"3458897269","price":84608.04,"qty":0.00014,"timestamp":1740828904167,"isBuyerMaker":true},{"id":"3458897270","price":84608.03,"qty":0.00014,"timestamp":1740828904167,"isBuyerMaker":true},{"id":"3458897271","price":84608.02,"qty":0.00014,"timestamp":1740828904167,"isBuyerMaker":true},{"id":"3458897272","price":84608.01,"qty":0.00035,"timestamp":1740828904167,"isBuyerMaker":true},{"id":"3458897273","price":84608,"qty":0.0036,"timestamp":1740828904167,"isBuyerMaker":true},{"id":"3458897274","price":84608,"qty":0.01134,"timestamp":1740828904178,"isBuyerMaker":true},{"id":"3458897275","price":84608,"qty":0.11284,"timestamp":1740828904182,"isBuyerMaker":true},{"id":"3458897276","price":84608,"qty":0.00896,"timestamp":1740828904187,"isBuyerMaker":true},{"id":"3458897277","price":84608,"qty":0.00237,"timestamp":1740828904197,"isBuyerMaker":true},{"id":"3458897278","price":84608,"qty":0.00603,"timestamp":1740828904202,"isBuyerMaker":true},{"id":"3458897279","price":84608,"qty":0.11686,"timestamp":1740828904214,"isBuyerMaker":true},{"id":"3458897280","price":84608,"qty":0.00176,"timestamp":1740828904244,"isBuyerMaker":true},{"id":"3458897281","price":84607.99,"qty":0.00891,"timestamp":1740828904248,"isBuyerMaker":true},{"id":"3458897282","price":84607.99,"qty":0.02,"timestamp":1740828904256,"isBuyerMaker":true},{"id":"3458897283","price":84607.99,"qty":0.00237,"timestamp":1740828904260,"isBuyerMaker":true},{"id":"3458897284","price":84607.99,"qty":0.11408,"timestamp":1740828904280,"isBuyerMaker":true},{"id":"3458897285","price":84607.99,"qty":0.00668,"timestamp":1740828904285,"isBuyerMaker":true},{"id":"3458897286","price":84607.99,"qty":0.008,"timestamp":1740828904293,"isBuyerMaker":true},{"id":"3458897287","price":84607.99,"qty":0.1141,"timestamp":1740828904310,"isBuyerMaker":true},{"id":"3458897288","price":84607.99,"qty":0.01661,"timestamp":1740828904311,"isBuyerMaker":true},{"id":"3458897289","price":84607.99,"qty":0.01672,"timestamp":1740828904319,"isBuyerMaker":true},{"id":"3458897290","price":84607.99,"qty":0.01739,"timestamp":1740828904345,"isBuyerMaker":true},{"id":"3458897291","price":84607.97,"qty":0.00043,"timestamp":1740828904345,"isBuyerMaker":true},{"id":"3458897292","price":84607.94,"qty":0.00028,"timestamp":1740828904345,"isBuyerMaker":true},{"id":"3458897293","price":84607.2,"qty":0.00014,"timestamp":1740828904345,"isBuyerMaker":true},{"id":"3458897294","price":84607,"qty":0.00014,"timestamp":1740828904345,"isBuyerMaker":true},{"id":"3458897295","price":84606.92,"qty":0.00014,"timestamp":1740828904345,"isBuyerMaker":true},{"id":"3458897296","price":84606.91,"qty":0.00014,"timestamp":1740828904345,"isBuyerMaker":true},{"id":"3458897297","price":84606.78,"qty":0.0002,"timestamp":1740828904345,"isBuyerMaker":true},{"id":"3458897298","price":84606.4,"qty":0.00014,"timestamp":1740828904345,"isBuyerMaker":true},{"id":"3458897299","price":84606.32,"qty":0.00014,"timestamp":1740828904345,"isBuyerMaker":true},{"id":"3458897300","price":84606.31,"qty":0.00014,"timestamp":1740828904345,"isBuyerMaker":true},{"id":"3458897301","price":84606.01,"qty":0.00014,"timestamp":1740828904345,"isBuyerMaker":true},{"id":"3458897302","price":84606,"qty":0.00014,"timestamp":1740828904345,"isBuyerMaker":true},{"id":"3458897303","price":84605.55,"qty":0.0005,"timestamp":1740828904345,"isBuyerMaker":true},{"id":"3458897304","price":84604.01,"qty":0.00035,"timestamp":1740828904345,"isBuyerMaker":true},{"id":"3458897305","price":84604,"qty":0.01452,"timestamp":1740828904345,"isBuyerMaker":true},{"id":"3458897306","price":84603.78,"qty":0.001,"timestamp":1740828904345,"isBuyerMaker":true},{"id":"3458897307","price":84602.93,"qty":0.00021,"timestamp":1740828904345,"isBuyerMaker":true},{"id":"3458897308","price":84602.92,"qty":0.02363,"timestamp":1740828904345,"isBuyerMaker":true},{"id":"3458897309","price":84602.01,"qty":0.00021,"timestamp":1740828904345,"isBuyerMaker":true},{"id":"3458897310","price":84602,"qty":0.0144,"timestamp":1740828904345,"isBuyerMaker":true},{"id":"3458897311","price":84601.66,"qty":0.00006,"timestamp":1740828904345,"isBuyerMaker":true},{"id":"3458897312","price":84600.82,"qty":0.0101,"timestamp":1740828904345,"isBuyerMaker":true},{"id":"3458897313","price":84600.13,"qty":0.0001,"timestamp":1740828904345,"isBuyerMaker":true},{"id":"3458897314","price":84600.01,"qty":0.00021,"timestamp":1740828904345,"isBuyerMaker":true},{"id":"3458897315","price":84600,"qty":0.00006,"timestamp":1740828904735,"isBuyerMaker":true},{"id":"3458897316","price":84600,"qty":0.065,"timestamp":1740828905039,"isBuyerMaker":true},{"id":"3458897317","price":84600,"qty":0.002,"timestamp":1740828905040,"isBuyerMaker":true},{"id":"3458897318","price":84600,"qty":0.024,"timestamp":1740828905040,"isBuyerMaker":true},{"id":"3458897319","price":84600,"qty":0.004,"timestamp":1740828905040,"isBuyerMaker":true},{"id":"3458897320","price":84600,"qty":0.00009,"timestamp":1740828905059,"isBuyerMaker":true},{"id":"3458897321","price":84600,"qty":0.00134,"timestamp":1740828905063,"isBuyerMaker":true},{"id":"3458897322","price":84600,"qty":0.00352,"timestamp":1740828905080,"isBuyerMaker":true},{"id":"3458897323","price":84600,"qty":0.00351,"timestamp":1740828905109,"isBuyerMaker":true},{"id":"3458897324","price":84600,"qty":0.00351,"timestamp":1740828905146,"isBuyerMaker":true},{"id":"3458897325","price":84600,"qty":0.32481,"timestamp":1740828905396,"isBuyerMaker":true},{"id":"3458897326","price":84600,"qty":0.19506,"timestamp":1740828905396,"isBuyerMaker":true},{"id":"3458897327","price":84600,"qty":1.547,"timestamp":1740828905397,"isBuyerMaker":true},{"id":"3458897328","price":84600,"qty":0.09304,"timestamp":1740828905397,"isBuyerMaker":true},{"id":"3458897329","price":84600,"qty":0.10749,"timestamp":1740828905397,"isBuyerMaker":true},{"id":"3458897330","price":84600,"qty":0.41815,"timestamp":1740828905397,"isBuyerMaker":true},{"id":"3458897331","price":84600,"qty":0.023,"timestamp":1740828905401,"isBuyerMaker":true},{"id":"3458897332","price":84600,"qty":0.0064,"timestamp":1740828905401,"isBuyerMaker":true},{"id":"3458897333","price":84600,"qty":0.0064,"timestamp":1740828905401,"isBuyerMaker":true},{"id":"3458897334","price":84600,"qty":0.0064,"timestamp":1740828905401,"isBuyerMaker":true},{"id":"3458897335","price":84600,"qty":0.07146,"timestamp":1740828905402,"isBuyerMaker":true},{"id":"3458897336","price":84600,"qty":0.02958,"timestamp":1740828905405,"isBuyerMaker":true},{"id":"3458897337","price":84600,"qty":0.02503,"timestamp":1740828905408,"isBuyerMaker":true},{"id":"3458897338","price":84600,"qty":0.00582,"timestamp":1740828905422,"isBuyerMaker":true},{"id":"3458897339","price":84600,"qty":0.01059,"timestamp":1740828905430,"isBuyerMaker":true},{"id":"3458897340","price":84600,"qty":0.10962,"timestamp":1740828905430,"isBuyerMaker":true},{"id":"3458897341","price":84600,"qty":0.00545,"timestamp":1740828905438,"isBuyerMaker":true},{"id":"3458897342","price":84600,"qty":0.02097,"timestamp":1740828905442,"isBuyerMaker":true},{"id":"3458897343","price":84600,"qty":0.01027,"timestamp":1740828905446,"isBuyerMaker":true},{"id":"3458897344","price":84600,"qty":0.0102,"timestamp":1740828905454,"isBuyerMaker":true},{"id":"3458897345","price":84600,"qty":0.1092,"timestamp":1740828905463,"isBuyerMaker":true},{"id":"3458897346","price":84600,"qty":0.01027,"timestamp":1740828905465,"isBuyerMaker":true},{"id":"3458897347","price":84600,"qty":0.10958,"timestamp":1740828905495,"isBuyerMaker":true},{"id":"3458897348","price":84600,"qty":0.10859,"timestamp":1740828905548,"isBuyerMaker":true},{"id":"3458897349","price":84600,"qty":0.10668,"timestamp":1740828905578,"isBuyerMaker":true},{"id":"3458897350","price":84600,"qty":0.10694,"timestamp":1740828905610,"isBuyerMaker":true},{"id":"3458897351","price":84600.01,"qty":0.00049,"timestamp":1740828905672,"isBuyerMaker":false},{"id":"3458897352","price":84600,"qty":0.01106,"timestamp":1740828905936,"isBuyerMaker":true},{"id":"3458897353","price":84600,"qty":0.02365,"timestamp":1740828905976,"isBuyerMaker":true},{"id":"3458897354","price":84600,"qty":0.00017,"timestamp":1740828906016,"isBuyerMaker":true},{"id":"3458897355","price":84600.01,"qty":0.01393,"timestamp":1740828906091,"isBuyerMaker":false},{"id":"3458897356","price":84600.01,"qty":0.00067,"timestamp":1740828906390,"isBuyerMaker":false},{"id":"3458897357","price":84600.01,"qty":0.00018,"timestamp":1740828906446,"isBuyerMaker":false},{"id":"3458897358","price":84600.01,"qty":0.00497,"timestamp":1740828906511,"isBuyerMaker":false},{"id":"3458897359","price":84600.01,"qty":0.00049,"timestamp":1740828906869,"isBuyerMaker":false},{"id":"3458897360","price":84600,"qty":0.00063,"timestamp":1740828906869,"isBuyerMaker":true},{"id":"3458897361","price":84600,"qty":0.00056,"timestamp":1740828907039,"isBuyerMaker":true},{"id":"3458897362","price":84600.01,"qty":0.0001,"timestamp":1740828907505,"isBuyerMaker":false},{"id":"3458897363","price":84600,"qty":0.00007,"timestamp":1740828908031,"isBuyerMaker":true},{"id":"3458897364","price":84600,"qty":0.03923,"timestamp":1740828908098,"isBuyerMaker":true},{"id":"3458897365","price":84600.01,"qty":0.00591,"timestamp":1740828908133,"isBuyerMaker":false},{"id":"3458897366","price":84600,"qty":0.00018,"timestamp":1740828908769,"isBuyerMaker":true},{"id":"3458897367","price":84600,"qty":0.00061,"timestamp":1740828908959,"isBuyerMaker":true},{"id":"3458897368","price":84600,"qty":0.10815,"timestamp":1740828909158,"isBuyerMaker":true},{"id":"3458897369","price":84600,"qty":0.10826,"timestamp":1740828909201,"isBuyerMaker":true},{"id":"3458897370","price":84600,"qty":0.10826,"timestamp":1740828909280,"isBuyerMaker":true},{"id":"3458897371","price":84600,"qty":0.10826,"timestamp":1740828909349,"isBuyerMaker":true},{"id":"3458897372","price":84600.01,"qty":0.00148,"timestamp":1740828909479,"isBuyerMaker":false},{"id":"3458897373","price":84600,"qty":0.10826,"timestamp":1740828909482,"isBuyerMaker":true},{"id":"3458897374","price":84600,"qty":0.10826,"timestamp":1740828909519,"isBuyerMaker":true},{"id":"3458897375","price":84600,"qty":0.10826,"timestamp":1740828909553,"isBuyerMaker":true},{"id":"3458897376","price":84600,"qty":0.00999,"timestamp":1740828909567,"isBuyerMaker":true},{"id":"3458897377","price":84600,"qty":0.0102,"timestamp":1740828909575,"isBuyerMaker":true},{"id":"3458897378","price":84600.01,"qty":0.00091,"timestamp":1740828909597,"isBuyerMaker":false},{"id":"3458897379","price":84600,"qty":0.1091,"timestamp":1740828909600,"isBuyerMaker":true},{"id":"3458897380","price":84600,"qty":0.0169,"timestamp":1740828909617,"isBuyerMaker":true},{"id":"3458897381","price":84600,"qty":0.10898,"timestamp":1740828909630,"isBuyerMaker":true},{"id":"3458897382","price":84600,"qty":0.0169,"timestamp":1740828909631,"isBuyerMaker":true},{"id":"3458897383","price":84600,"qty":0.0169,"timestamp":1740828909650,"isBuyerMaker":true},{"id":"3458897384","price":84600,"qty":0.0169,"timestamp":1740828909663,"isBuyerMaker":true},{"id":"3458897385","price":84600.01,"qty":0.00029,"timestamp":1740828909823,"isBuyerMaker":false},{"id":"3458897386","price":84600,"qty":0.00874,"timestamp":1740828910446,"isBuyerMaker":true},{"id":"3458897387","price":84600,"qty":0.00388,"timestamp":1740828910462,"isBuyerMaker":true},{"id":"3458897388","price":84600,"qty":0.0003,"timestamp":1740828910518,"isBuyerMaker":true},{"id":"3458897389","price":84600,"qty":0.00015,"timestamp":1740828910528,"isBuyerMaker":true},{"id":"3458897390","price":84600,"qty":0.00015,"timestamp":1740828910530,"isBuyerMaker":true},{"id":"3458897391","price":84600,"qty":0.00015,"timestamp":1740828910533,"isBuyerMaker":true},{"id":"3458897392","price":84600,"qty":0.00015,"timestamp":1740828910534,"isBuyerMaker":true},{"id":"3458897393","price":84600,"qty":0.00015,"timestamp":1740828910537,"isBuyerMaker":true},{"id":"3458897394","price":84600,"qty":0.00015,"timestamp":1740828910538,"isBuyerMaker":true},{"id":"3458897395","price":84600,"qty":0.00015,"timestamp":1740828910539,"isBuyerMaker":true},{"id":"3458897396","price":84600,"qty":0.00015,"timestamp":1740828910541,"isBuyerMaker":true},{"id":"3458897397","price":84600,"qty":0.00015,"timestamp":1740828910543,"isBuyerMaker":true},{"id":"3458897398","price":84600,"qty":0.00015,"timestamp":1740828910550,"isBuyerMaker":true},{"id":"3458897399","price":84600,"qty":0.00015,"timestamp":1740828910550,"isBuyerMaker":true},{"id":"3458897400","price":84600,"qty":0.00015,"timestamp":1740828910565,"isBuyerMaker":true},{"id":"3458897401","price":84600,"qty":0.00015,"timestamp":1740828910570,"isBuyerMaker":true},{"id":"3458897402","price":84600,"qty":0.00015,"timestamp":1740828910571,"isBuyerMaker":true},{"id":"3458897403","price":84600,"qty":0.00015,"timestamp":1740828910573,"isBuyerMaker":true},{"id":"3458897404","price":84600,"qty":0.00015,"timestamp":1740828910573,"isBuyerMaker":true},{"id":"3458897405","price":84600,"qty":0.00015,"timestamp":1740828910575,"isBuyerMaker":true},{"id":"3458897406","price":84600,"qty":0.00015,"timestamp":1740828910577,"isBuyerMaker":true},{"id":"3458897407","price":84600,"qty":0.00015,"timestamp":1740828910579,"isBuyerMaker":true},{"id":"3458897408","price":84600.01,"qty":0.00165,"timestamp":1740828910580,"isBuyerMaker":false},{"id":"3458897409","price":84600,"qty":0.00015,"timestamp":1740828910583,"isBuyerMaker":true},{"id":"3458897410","price":84600,"qty":0.00015,"timestamp":1740828910583,"isBuyerMaker":true},{"id":"3458897411","price":84600,"qty":0.00015,"timestamp":1740828910586,"isBuyerMaker":true},{"id":"3458897412","price":84600,"qty":0.00015,"timestamp":1740828910589,"isBuyerMaker":true},{"id":"3458897413","price":84600,"qty":0.00015,"timestamp":1740828910590,"isBuyerMaker":true},{"id":"3458897414","price":84600,"qty":0.00015,"timestamp":1740828910591,"isBuyerMaker":true},{"id":"3458897415","price":84600,"qty":0.00015,"timestamp":1740828910593,"isBuyerMaker":true},{"id":"3458897416","price":84600,"qty":0.00015,"timestamp":1740828910598,"isBuyerMaker":true},{"id":"3458897417","price":84600,"qty":0.00015,"timestamp":1740828910604,"isBuyerMaker":true},{"id":"3458897418","price":84600,"qty":0.00015,"timestamp":1740828910607,"isBuyerMaker":true},{"id":"3458897419","price":84600,"qty":0.00015,"timestamp":1740828910607,"isBuyerMaker":true},{"id":"3458897420","price":84600,"qty":0.00015,"timestamp":1740828910613,"isBuyerMaker":true},{"id":"3458897421","price":84600,"qty":0.00015,"timestamp":1740828910614,"isBuyerMaker":true},{"id":"3458897422","price":84600,"qty":0.00015,"timestamp":1740828910618,"isBuyerMaker":true},{"id":"3458897423","price":84600,"qty":0.00015,"timestamp":1740828910618,"isBuyerMaker":true},{"id":"3458897424","price":84600,"qty":0.00015,"timestamp":1740828910622,"isBuyerMaker":true},{"id":"3458897425","price":84600.01,"qty":0.00007,"timestamp":1740828910644,"isBuyerMaker":false},{"id":"3458897426","price":84600.01,"qty":0.00058,"timestamp":1740828910951,"isBuyerMaker":false},{"id":"3458897427","price":84600,"qty":0.10671,"timestamp":1740828911153,"isBuyerMaker":true},{"id":"3458897428","price":84600,"qty":0.10671,"timestamp":1740828911201,"isBuyerMaker":true},{"id":"3458897429","price":84600,"qty":0.10671,"timestamp":1740828911234,"isBuyerMaker":true},{"id":"3458897430","price":84600.01,"qty":0.00018,"timestamp":1740828911321,"isBuyerMaker":false},{"id":"3458897431","price":84600,"qty":0.10675,"timestamp":1740828911323,"isBuyerMaker":true},{"id":"3458897432","price":84600,"qty":0.10795,"timestamp":1740828911362,"isBuyerMaker":true},{"id":"3458897433","price":84600,"qty":0.0169,"timestamp":1740828911366,"isBuyerMaker":true},{"id":"3458897434","price":84600,"qty":0.12026,"timestamp":1740828911385,"isBuyerMaker":true},{"id":"3458897435","price":84600.01,"qty":0.00011,"timestamp":1740828911794,"isBuyerMaker":false},{"id":"3458897436","price":84600,"qty":0.00031,"timestamp":1740828911799,"isBuyerMaker":true},{"id":"3458897437","price":84600,"qty":0.10985,"timestamp":1740828912345,"isBuyerMaker":true},{"id":"3458897438","price":84600,"qty":0.0169,"timestamp":1740828912353,"isBuyerMaker":true},{"id":"3458897439","price":84600,"qty":0.0102,"timestamp":1740828912360,"isBuyerMaker":true},{"id":"3458897440","price":84600,"qty":0.0102,"timestamp":1740828912367,"isBuyerMaker":true},{"id":"3458897441","price":84600.01,"qty":0.14728,"timestamp":1740828912595,"isBuyerMaker":false},{"id":"3458897442","price":84600.01,"qty":0.00117,"timestamp":1740828913974,"isBuyerMaker":false},{"id":"3458897443","price":84600.01,"qty":0.00008,"timestamp":1740828914070,"isBuyerMaker":false},{"id":"3458897444","price":84600,"qty":0.00518,"timestamp":1740828914451,"isBuyerMaker":true},{"id":"3458897445","price":84600,"qty":0.00018,"timestamp":1740828914853,"isBuyerMaker":true},{"id":"3458897446","price":84600,"qty":0.00059,"timestamp":1740828915091,"isBuyerMaker":true},{"id":"3458897447","price":84600,"qty":0.059,"timestamp":1740828915346,"isBuyerMaker":true},{"id":"3458897448","price":84600,"qty":0.00563,"timestamp":1740828915860,"isBuyerMaker":true},{"id":"3458897449","price":84600,"qty":0.03077,"timestamp":1740828916019,"isBuyerMaker":true},{"id":"3458897450","price":84600,"qty":0.095,"timestamp":1740828916031,"isBuyerMaker":true},{"id":"3458897451","price":84600,"qty":0.00534,"timestamp":1740828917715,"isBuyerMaker":true},{"id":"3458897452","price":84600,"qty":0.00649,"timestamp":1740828917773,"isBuyerMaker":true},{"id":"3458897453","price":84600,"qty":0.00024,"timestamp":1740828917810,"isBuyerMaker":true},{"id":"3458897454","price":84600.01,"qty":0.00031,"timestamp":1740828918018,"isBuyerMaker":false},{"id":"3458897455","price":84600,"qty":0.00012,"timestamp":1740828918109,"isBuyerMaker":true},{"id":"3458897456","price":84600,"qty":0.05326,"timestamp":1740828919127,"isBuyerMaker":true},{"id":"3458897457","price":84600,"qty":0.05326,"timestamp":1740828919127,"isBuyerMaker":true},{"id":"3458897458","price":84600.01,"qty":0.00057,"timestamp":1740828919380,"isBuyerMaker":false},{"id":"3458897459","price":84600.01,"qty":0.00018,"timestamp":1740828919412,"isBuyerMaker":false},{"id":"3458897460","price":84600.01,"qty":0.00059,"timestamp":1740828919448,"isBuyerMaker":false},{"id":"3458897461","price":84600,"qty":0.12931,"timestamp":1740828919765,"isBuyerMaker":true},{"id":"3458897462","price":84600.01,"qty":0.00014,"timestamp":1740828920507,"isBuyerMaker":false},{"id":"3458897463","price":84600.01,"qty":0.02328,"timestamp":1740828920550,"isBuyerMaker":false},{"id":"3458897464","price":84600,"qty":0.00118,"timestamp":1740828920875,"isBuyerMaker":true},{"id":"3458897465","price":84600,"qty":0.02991,"timestamp":1740828921542,"isBuyerMaker":true},{"id":"3458897466","price":84600,"qty":0.05899,"timestamp":1740828921543,"isBuyerMaker":true},{"id":"3458897467","price":84600,"qty":0.05899,"timestamp":1740828921544,"isBuyerMaker":true},{"id":"3458897468","price":84600,"qty":0.059,"timestamp":1740828921544,"isBuyerMaker":true},{"id":"3458897469","price":84600,"qty":0.059,"timestamp":1740828921544,"isBuyerMaker":true},{"id":"3458897470","price":84600,"qty":0.05899,"timestamp":1740828921544,"isBuyerMaker":true},{"id":"3458897471","price":84600,"qty":0.059,"timestamp":1740828921544,"isBuyerMaker":true},{"id":"3458897472","price":84600,"qty":0.023,"timestamp":1740828921546,"isBuyerMaker":true},{"id":"3458897473","price":84600,"qty":0.017,"timestamp":1740828921547,"isBuyerMaker":true},{"id":"3458897474","price":84600,"qty":0.023,"timestamp":1740828921547,"isBuyerMaker":true},{"id":"3458897475","price":84600,"qty":0.023,"timestamp":1740828921547,"isBuyerMaker":true},{"id":"3458897476","price":84600,"qty":0.023,"timestamp":1740828921548,"isBuyerMaker":true},{"id":"3458897477","price":84600,"qty":0.023,"timestamp":1740828921548,"isBuyerMaker":true},{"id":"3458897478","price":84600,"qty":0.023,"timestamp":1740828921548,"isBuyerMaker":true},{"id":"3458897479","price":84600,"qty":0.027,"timestamp":1740828921550,"isBuyerMaker":true},{"id":"3458897480","price":84600,"qty":0.00201,"timestamp":1740828921551,"isBuyerMaker":true},{"id":"3458897481","price":84600,"qty":0.00809,"timestamp":1740828921559,"isBuyerMaker":true},{"id":"3458897482","price":84600,"qty":0.00073,"timestamp":1740828921573,"isBuyerMaker":true},{"id":"3458897483","price":84600,"qty":0.012,"timestamp":1740828921577,"isBuyerMaker":true},{"id":"3458897484","price":84600,"qty":0.012,"timestamp":1740828921695,"isBuyerMaker":true},{"id":"3458897485","price":84600.01,"qty":0.01053,"timestamp":1740828921826,"isBuyerMaker":false},{"id":"3458897486","price":84600,"qty":0.05326,"timestamp":1740828922235,"isBuyerMaker":true},{"id":"3458897487","price":84600,"qty":0.00018,"timestamp":1740828922598,"isBuyerMaker":true},{"id":"3458897488","price":84600,"qty":0.0003,"timestamp":1740828923538,"isBuyerMaker":true},{"id":"3458897489","price":84600,"qty":0.00509,"timestamp":1740828923594,"isBuyerMaker":true},{"id":"3458897490","price":84600.01,"qty":0.00014,"timestamp":1740828923649,"isBuyerMaker":false},{"id":"3458897491","price":84600.01,"qty":0.1474,"timestamp":1740828923723,"isBuyerMaker":false},{"id":"3458897492","price":84600,"qty":0.19173,"timestamp":1740828924158,"isBuyerMaker":true},{"id":"3458897493","price":84600,"qty":0.03551,"timestamp":1740828924234,"isBuyerMaker":true},{"id":"3458897494","price":84600.01,"qty":0.003,"timestamp":1740828924260,"isBuyerMaker":false},{"id":"3458897495","price":84600.01,"qty":0.02745,"timestamp":1740828924569,"isBuyerMaker":false},{"id":"3458897496","price":84600.01,"qty":0.00117,"timestamp":1740828924915,"isBuyerMaker":false},{"id":"3458897497","price":84600,"qty":0.00016,"timestamp":1740828925041,"isBuyerMaker":true},{"id":"3458897498","price":84600,"qty":0.05326,"timestamp":1740828925337,"isBuyerMaker":true},{"id":"3458897499","price":84600,"qty":0.00118,"timestamp":1740828925423,"isBuyerMaker":true},{"id":"3458897500","price":84600,"qty":0.095,"timestamp":1740828926049,"isBuyerMaker":true},{"id":"3458897501","price":84600.01,"qty":0.00289,"timestamp":1740828926955,"isBuyerMaker":false},{"id":"3458897502","price":84600.01,"qty":0.01182,"timestamp":1740828927649,"isBuyerMaker":false},{"id":"3458897503","price":84600.01,"qty":0.02279,"timestamp":1740828927668,"isBuyerMaker":false},{"id":"3458897504","price":84600,"qty":0.1207,"timestamp":1740828927940,"isBuyerMaker":true},{"id":"3458897505","price":84600.01,"qty":0.0003,"timestamp":1740828928311,"isBuyerMaker":false},{"id":"3458897506","price":84600,"qty":0.00011,"timestamp":1740828928749,"isBuyerMaker":true}],"recent":[{"id":"3458897507","price":84600.01,"qty":0.00026,"timestamp":1740828930487,"isBuyerMaker":false},{"id":"3458897508","price":84600.01,"qty":0.00059,"timestamp":1740828930848,"isBuyerMaker":false},{"id":"3458897509","price":84600,"qty":0.00015,"timestamp":1740828930929,"isBuyerMaker":true},{"id":"3458897510","price":84600.01,"qty":0.05048,"timestamp":1740828931468,"isBuyerMaker":false},{"id":"3458897511","price":84600.01,"qty":0.00285,"timestamp":1740828931568,"isBuyerMaker":false},{"id":"3458897512","price":84600,"qty":0.00355,"timestamp":1740828931819,"isBuyerMaker":true},{"id":"3458897513","price":84600,"qty":0.00355,"timestamp":1740828931819,"isBuyerMaker":true},{"id":"3458897514","price":84600,"qty":0.00355,"timestamp":1740828931819,"isBuyerMaker":true},{"id":"3458897515","price":84600,"qty":0.00331,"timestamp":1740828931819,"isBuyerMaker":true},{"id":"3458897516","price":84600,"qty":0.01,"timestamp":1740828931820,"isBuyerMaker":true},{"id":"3458897517","price":84600,"qty":0.005,"timestamp":1740828931820,"isBuyerMaker":true},{"id":"3458897518","price":84600,"qty":0.27916,"timestamp":1740828931820,"isBuyerMaker":true},{"id":"3458897519","price":84600,"qty":0.005,"timestamp":1740828931820,"isBuyerMaker":true},{"id":"3458897520","price":84600,"qty":0.01,"timestamp":1740828931820,"isBuyerMaker":true},{"id":"3458897521","price":84600,"qty":0.06393,"timestamp":1740828931820,"isBuyerMaker":true},{"id":"3458897522","price":84600,"qty":0.27841,"timestamp":1740828931821,"isBuyerMaker":true},{"id":"3458897523","price":84600,"qty":0.2323,"timestamp":1740828931821,"isBuyerMaker":true},{"id":"3458897524","price":84600,"qty":1.88854,"timestamp":1740828931821,"isBuyerMaker":true},{"id":"3458897525","price":84600,"qty":0.06004,"timestamp":1740828931821,"isBuyerMaker":true},{"id":"3458897526","price":84600,"qty":1.4625,"timestamp":1740828931821,"isBuyerMaker":true},{"id":"3458897527","price":84600,"qty":0.48071,"timestamp":1740828931821,"isBuyerMaker":true},{"id":"3458897528","price":84600,"qty":3.92659,"timestamp":1740828931821,"isBuyerMaker":true},{"id":"3458897529","price":84600,"qty":0.09174,"timestamp":1740828931821,"isBuyerMaker":true},{"id":"3458897530","price":84600,"qty":0.14873,"timestamp":1740828931821,"isBuyerMaker":true},{"id":"3458897531","price":84600,"qty":7.68,"timestamp":1740828931821,"isBuyerMaker":true},{"id":"3458897532","price":84600,"qty":0.68488,"timestamp":1740828931821,"isBuyerMaker":true},{"id":"3458897533","price":84600,"qty":0.82312,"timestamp":1740828931821,"isBuyerMaker":true},{"id":"3458897534","price":84600,"qty":2.16856,"timestamp":1740828931821,"isBuyerMaker":true},{"id":"3458897535","price":84600,"qty":0.96171,"timestamp":1740828931821,"isBuyerMaker":true},{"id":"3458897536","price":84600,"qty":0.11863,"timestamp":1740828931821,"isBuyerMaker":true},{"id":"3458897537","price":84600,"qty":0.81325,"timestamp":1740828931821,"isBuyerMaker":true},{"id":"3458897538","price":84600,"qty":1.36345,"timestamp":1740828931821,"isBuyerMaker":true},{"id":"3458897539","price":84600,"qty":2.27717,"timestamp":1740828931821,"isBuyerMaker":true},{"id":"3458897540","price":84600,"qty":0.57051,"timestamp":1740828931821,"isBuyerMaker":true},{"id":"3458897541","price":84600,"qty":0.01,"timestamp":1740828931821,"isBuyerMaker":true},{"id":"3458897542","price":84600,"qty":1.62935,"timestamp":1740828931821,"isBuyerMaker":true},{"id":"3458897543","price":84600,"qty":0.001,"timestamp":1740828931821,"isBuyerMaker":true},{"id":"3458897544","price":84600,"qty":0.45,"timestamp":1740828931821,"isBuyerMaker":true},{"id":"3458897545","price":84600,"qty":0.10575,"timestamp":1740828931821,"isBuyerMaker":true},{"id":"3458897546","price":84600,"qty":0.06,"timestamp":1740828931821,"isBuyerMaker":true},{"id":"3458897547","price":84600,"qty":2.63616,"timestamp":1740828931821,"isBuyerMaker":true},{"id":"3458897548","price":84600,"qty":0.02696,"timestamp":1740828931821,"isBuyerMaker":true},{"id":"3458897549","price":84600,"qty":0.43915,"timestamp":1740828931822,"isBuyerMaker":true},{"id":"3458897550","price":84600,"qty":0.34597,"timestamp":1740828931822,"isBuyerMaker":true},{"id":"3458897551","price":84600,"qty":2.82832,"timestamp":1740828931822,"isBuyerMaker":true},{"id":"3458897552","price":84600,"qty":0.0669,"timestamp":1740828931822,"isBuyerMaker":true},{"id":"3458897553","price":84600,"qty":0.23252,"timestamp":1740828931822,"isBuyerMaker":true},{"id":"3458897554","price":84600,"qty":0.33017,"timestamp":1740828931822,"isBuyerMaker":true},{"id":"3458897555","price":84600,"qty":2.3967,"timestamp":1740828931822,"isBuyerMaker":true},{"id":"3458897556","price":84600,"qty":0.22817,"timestamp":1740828931822,"isBuyerMaker":true},{"id":"3458897557","price":84600,"qty":0.35596,"timestamp":1740828931822,"isBuyerMaker":true},{"id":"3458897558","price":84600,"qty":0.3463,"timestamp":1740828931822,"isBuyerMaker":true},{"id":"3458897559","price":84600,"qty":0.55669,"timestamp":1740828931822,"isBuyerMaker":true},{"id":"3458897560","price":84600,"qty":0.001,"timestamp":1740828931822,"isBuyerMaker":true},{"id":"3458897561","price":84600,"qty":0.30171,"timestamp":1740828931822,"isBuyerMaker":true},{"id":"3458897562","price":84600,"qty":1.92,"timestamp":1740828931822,"isBuyerMaker":true},{"id":"3458897563","price":84600,"qty":3.84,"timestamp":1740828931822,"isBuyerMaker":true},{"id":"3458897564","price":84600,"qty":0.001,"timestamp":1740828931822,"isBuyerMaker":true},{"id":"3458897565","price":84600,"qty":0.001,"timestamp":1740828931822,"isBuyerMaker":true},{"id":"3458897566","price":84600,"qty":0.19079,"timestamp":1740828931822,"isBuyerMaker":true},{"id":"3458897567","price":84600,"qty":0.1008,"timestamp":1740828931822,"isBuyerMaker":true},{"id":"3458897568","price":84600,"qty":0.06762,"timestamp":1740828931822,"isBuyerMaker":true},{"id":"3458897569","price":84600,"qty":0.02759,"timestamp":1740828931822,"isBuyerMaker":true},{"id":"3458897570","price":84600,"qty":0.01107,"timestamp":1740828931822,"isBuyerMaker":true},{"id":"3458897571","price":84600,"qty":0.00264,"timestamp":1740828931822,"isBuyerMaker":true},{"id":"3458897572","price":84600,"qty":0.0453,"timestamp":1740828931822,"isBuyerMaker":true},{"id":"3458897573","price":84600,"qty":0.11651,"timestamp":1740828931822,"isBuyerMaker":true},{"id":"3458897574","price":84600,"qty":0.01,"timestamp":1740828931822,"isBuyerMaker":true},{"id":"3458897575","price":84600,"qty":0.19664,"timestamp":1740828931822,"isBuyerMaker":true},{"id":"3458897576","price":84600,"qty":0.06108,"timestamp":1740828931822,"isBuyerMaker":true},{"id":"3458897577","price":84600,"qty":0.41947,"timestamp":1740828931822,"isBuyerMaker":true},{"id":"3458897578","price":84600,"qty":0.96,"timestamp":1740828931822,"isBuyerMaker":true},{"id":"3458897579","price":84600,"qty":0.24902,"timestamp":1740828931822,"isBuyerMaker":true},{"id":"3458897580","price":84600,"qty":0.25,"timestamp":1740828931822,"isBuyerMaker":true},{"id":"3458897581","price":84600,"qty":0.00097,"timestamp":1740828931822,"isBuyerMaker":true},{"id":"3458897582","price":84600,"qty":0.2311,"timestamp":1740828931823,"isBuyerMaker":true},{"id":"3458897583","price":84600,"qty":0.15442,"timestamp":1740828931823,"isBuyerMaker":true},{"id":"3458897584","price":84600,"qty":2.21819,"timestamp":1740828931823,"isBuyerMaker":true},{"id":"3458897585","price":84600,"qty":0.6541,"timestamp":1740828931823,"isBuyerMaker":true},{"id":"3458897586","price":84600,"qty":0.16869,"timestamp":1740828931823,"isBuyerMaker":true},{"id":"3458897587","price":84600,"qty":0.06005,"timestamp":1740828931823,"isBuyerMaker":true},{"id":"3458897588","price":84600,"qty":2.41411,"timestamp":1740828931823,"isBuyerMaker":true},{"id":"3458897589","price":84600,"qty":2.68295,"timestamp":1740828931823,"isBuyerMaker":true},{"id":"3458897590","price":84600,"qty":0.10038,"timestamp":1740828931824,"isBuyerMaker":true},{"id":"3458897591","price":84600,"qty":0.06734,"timestamp":1740828931824,"isBuyerMaker":true},{"id":"3458897592","price":84600,"qty":0.30276,"timestamp":1740828931824,"isBuyerMaker":true},{"id":"3458897593","price":84600,"qty":0.01512,"timestamp":1740828931824,"isBuyerMaker":true},{"id":"3458897594","price":84600,"qty":0.0173,"timestamp":1740828931824,"isBuyerMaker":true},{"id":"3458897595","price":84600,"qty":0.15821,"timestamp":1740828931824,"isBuyerMaker":true},{"id":"3458897596","price":84600,"qty":0.2429,"timestamp":1740828931824,"isBuyerMaker":true},{"id":"3458897597","price":84600,"qty":0.30121,"timestamp":1740828931824,"isBuyerMaker":true},{"id":"3458897598","price":84600,"qty":0.0524,"timestamp":1740828931824,"isBuyerMaker":true},{"id":"3458897599","price":84600,"qty":0.14556,"timestamp":1740828931824,"isBuyerMaker":true},{"id":"3458897600","price":84600,"qty":0.09437,"timestamp":1740828931824,"isBuyerMaker":true},{"id":"3458897601","price":84600,"qty":0.04918,"timestamp":1740828931824,"isBuyerMaker":true},{"id":"3458897602","price":84600,"qty":0.1892,"timestamp":1740828931824,"isBuyerMaker":true},{"id":"3458897603","price":84600,"qty":0.056,"timestamp":1740828931824,"isBuyerMaker":true},{"id":"3458897604","price":84600,"qty":0.01854,"timestamp":1740828931824,"isBuyerMaker":true},{"id":"3458897605","price":84600,"qty":0.01,"timestamp":1740828931824,"isBuyerMaker":true},{"id":"3458897606","price":84600,"qty":0.28655,"timestamp":1740828931824,"isBuyerMaker":true},{"id":"3458897607","price":84600,"qty":0.04852,"timestamp":1740828931824,"isBuyerMaker":true},{"id":"3458897608","price":84600,"qty":0.01,"timestamp":1740828931824,"isBuyerMaker":true},{"id":"3458897609","price":84600,"qty":0.20034,"timestamp":1740828931824,"isBuyerMaker":true},{"id":"3458897610","price":84600,"qty":0.01,"timestamp":1740828931824,"isBuyerMaker":true},{"id":"3458897611","price":84600,"qty":0.01,"timestamp":1740828931824,"isBuyerMaker":true},{"id":"3458897612","price":84600,"qty":0.0003,"timestamp":1740828931824,"isBuyerMaker":true},{"id":"3458897613","price":84600,"qty":0.16698,"timestamp":1740828931825,"isBuyerMaker":true},{"id":"3458897614","price":84600,"qty":0.67183,"timestamp":1740828931825,"isBuyerMaker":true},{"id":"3458897615","price":84600,"qty":0.09447,"timestamp":1740828931825,"isBuyerMaker":true},{"id":"3458897616","price":84600,"qty":0.30233,"timestamp":1740828931825,"isBuyerMaker":true},{"id":"3458897617","price":84600,"qty":3.75004,"timestamp":1740828931825,"isBuyerMaker":true},{"id":"3458897618","price":84600,"qty":0.48969,"timestamp":1740828931825,"isBuyerMaker":true},{"id":"3458897619","price":84600,"qty":0.24101,"timestamp":1740828931825,"isBuyerMaker":true},{"id":"3458897620","price":84600,"qty":0.01269,"timestamp":1740828931825,"isBuyerMaker":true},{"id":"3458897621","price":84600,"qty":0.0001,"timestamp":1740828931825,"isBuyerMaker":true},{"id":"3458897622","price":84600,"qty":0.25271,"timestamp":1740828931825,"isBuyerMaker":true},{"id":"3458897623","price":84600,"qty":0.06,"timestamp":1740828931825,"isBuyerMaker":true},{"id":"3458897624","price":84600,"qty":0.02374,"timestamp":1740828931825,"isBuyerMaker":true},{"id":"3458897625","price":84600,"qty":0.82966,"timestamp":1740828931825,"isBuyerMaker":true},{"id":"3458897626","price":84600,"qty":0.32843,"timestamp":1740828931825,"isBuyerMaker":true},{"id":"3458897627","price":84600,"qty":0.10537,"timestamp":1740828931825,"isBuyerMaker":true},{"id":"3458897628","price":84600,"qty":0.0975,"timestamp":1740828931825,"isBuyerMaker":true},{"id":"3458897629","price":84600,"qty":0.945,"timestamp":1740828931826,"isBuyerMaker":true},{"id":"3458897630","price":84600,"qty":0.9,"timestamp":1740828931826,"isBuyerMaker":true},{"id":"3458897631","price":84600,"qty":0.13636,"timestamp":1740828931826,"isBuyerMaker":true},{"id":"3458897632","price":84600,"qty":0.25,"timestamp":1740828931826,"isBuyerMaker":true},{"id":"3458897633","price":84600,"qty":0.11289,"timestamp":1740828931826,"isBuyerMaker":true},{"id":"3458897634","price":84600,"qty":0.13399,"timestamp":1740828931826,"isBuyerMaker":true},{"id":"3458897635","price":84600,"qty":0.00142,"timestamp":1740828931826,"isBuyerMaker":true},{"id":"3458897636","price":84600,"qty":0.01891,"timestamp":1740828931826,"isBuyerMaker":true},{"id":"3458897637","price":84600,"qty":0.19169,"timestamp":1740828931826,"isBuyerMaker":true},{"id":"3458897638","price":84600,"qty":0.01105,"timestamp":1740828931826,"isBuyerMaker":true},{"id":"3458897639","price":84600,"qty":0.74565,"timestamp":1740828931826,"isBuyerMaker":true},{"id":"3458897640","price":84600,"qty":0.058,"timestamp":1740828931826,"isBuyerMaker":true},{"id":"3458897641","price":84600,"qty":0.1238,"timestamp":1740828931826,"isBuyerMaker":true},{"id":"3458897642","price":84600,"qty":0.6827,"timestamp":1740828931826,"isBuyerMaker":true},{"id":"3458897643","price":84600,"qty":0.945,"timestamp":1740828931826,"isBuyerMaker":true},{"id":"3458897644","price":84600,"qty":0.01444,"timestamp":1740828931826,"isBuyerMaker":true},{"id":"3458897645","price":84600,"qty":0.03836,"timestamp":1740828931826,"isBuyerMaker":true},{"id":"3458897646","price":84600,"qty":0.0456,"timestamp":1740828931827,"isBuyerMaker":true},{"id":"3458897647","price":84600,"qty":0.001,"timestamp":1740828931827,"isBuyerMaker":true},{"id":"3458897648","price":84600,"qty":0.04319,"timestamp":1740828931827,"isBuyerMaker":true},{"id":"3458897649","price":84600,"qty":0.06451,"timestamp":1740828931827,"isBuyerMaker":true},{"id":"3458897650","price":84600,"qty":0.00121,"timestamp":1740828931827,"isBuyerMaker":true},{"id":"3458897651","price":84600,"qty":0.15455,"timestamp":1740828931827,"isBuyerMaker":true},{"id":"3458897652","price":84600,"qty":0.04208,"timestamp":1740828931827,"isBuyerMaker":true},{"id":"3458897653","price":84600,"qty":0.945,"timestamp":1740828931827,"isBuyerMaker":true},{"id":"3458897654","price":84600,"qty":4.3129,"timestamp":1740828931827,"isBuyerMaker":true},{"id":"3458897655","price":84600,"qty":0.00475,"timestamp":1740828931827,"isBuyerMaker":true},{"id":"3458897656","price":84600,"qty":0.06155,"timestamp":1740828931827,"isBuyerMaker":true},{"id":"3458897657","price":84600,"qty":0.04482,"timestamp":1740828931827,"isBuyerMaker":true},{"id":"3458897658","price":84600,"qty":0.945,"timestamp":1740828931827,"isBuyerMaker":true},{"id":"3458897659","price":84600,"qty":0.05251,"timestamp":1740828931827,"isBuyerMaker":true},{"id":"3458897660","price":84600,"qty":0.2385,"timestamp":1740828931827,"isBuyerMaker":true},{"id":"3458897661","price":84600,"qty":0.07217,"timestamp":1740828931827,"isBuyerMaker":true},{"id":"3458897662","price":84600,"qty":0.27599,"timestamp":1740828931828,"isBuyerMaker":true},{"id":"3458897663","price":84600,"qty":0.03311,"timestamp":1740828931828,"isBuyerMaker":true},{"id":"3458897664","price":84600,"qty":0.06707,"timestamp":1740828931828,"isBuyerMaker":true},{"id":"3458897665","price":84600,"qty":0.00591,"timestamp":1740828931828,"isBuyerMaker":true},{"id":"3458897666","price":84600,"qty":0.945,"timestamp":1740828931828,"isBuyerMaker":true},{"id":"3458897667","price":84600,"qty":0.01,"timestamp":1740828931828,"isBuyerMaker":true},{"id":"3458897668","price":84600,"qty":0.09435,"timestamp":1740828931828,"isBuyerMaker":true},{"id":"3458897669","price":84600,"qty":0.01,"timestamp":1740828931828,"isBuyerMaker":true},{"id":"3458897670","price":84600,"qty":0.51682,"timestamp":1740828931828,"isBuyerMaker":true},{"id":"3458897671","price":84600,"qty":0.001,"timestamp":1740828931828,"isBuyerMaker":true},{"id":"3458897672","price":84600,"qty":0.04122,"timestamp":1740828931828,"isBuyerMaker":true},{"id":"3458897673","price":84600,"qty":0.001,"timestamp":1740828931829,"isBuyerMaker":true},{"id":"3458897674","price":84600,"qty":0.001,"timestamp":1740828931829,"isBuyerMaker":true},{"id":"3458897675","price":84600,"qty":0.09736,"timestamp":1740828931829,"isBuyerMaker":true},{"id":"3458897676","price":84600,"qty":0.45,"timestamp":1740828931829,"isBuyerMaker":true},{"id":"3458897677","price":84600,"qty":0.02094,"timestamp":1740828931829,"isBuyerMaker":true},{"id":"3458897678","price":84600,"qty":0.89781,"timestamp":1740828931829,"isBuyerMaker":true},{"id":"3458897679","price":84599.99,"qty":0.00369,"timestamp":1740828931830,"isBuyerMaker":true},{"id":"3458897680","price":84599.99,"qty":0.12416,"timestamp":1740828931830,"isBuyerMaker":true},{"id":"3458897681","price":84599.68,"qty":0.00014,"timestamp":1740828931830,"isBuyerMaker":true},{"id":"3458897682","price":84599.67,"qty":0.00014,"timestamp":1740828931830,"isBuyerMaker":true},{"id":"3458897683","price":84599.66,"qty":0.00014,"timestamp":1740828931830,"isBuyerMaker":true},{"id":"3458897684","price":84599.65,"qty":0.00014,"timestamp":1740828931830,"isBuyerMaker":true},{"id":"3458897685","price":84599.64,"qty":0.00014,"timestamp":1740828931830,"isBuyerMaker":true},{"id":"3458897686","price":84599.09,"qty":0.00014,"timestamp":1740828931830,"isBuyerMaker":true},{"id":"3458897687","price":84598.91,"qty":0.00014,"timestamp":1740828931830,"isBuyerMaker":true},{"id":"3458897688","price":84598.83,"qty":0.00014,"timestamp":1740828931830,"isBuyerMaker":true},{"id":"3458897689","price":84598.81,"qty":0.00035,"timestamp":1740828931830,"isBuyerMaker":true},{"id":"3458897690","price":84598.8,"qty":0.00047,"timestamp":1740828931830,"isBuyerMaker":true},{"id":"3458897691","price":84598.79,"qty":0.00014,"timestamp":1740828931830,"isBuyerMaker":true},{"id":"3458897692","price":84598.76,"qty":0.00014,"timestamp":1740828931830,"isBuyerMaker":true},{"id":"3458897693","price":84598.71,"qty":0.00014,"timestamp":1740828931830,"isBuyerMaker":true},{"id":"3458897694","price":84598.41,"qty":0.00108,"timestamp":1740828931830,"isBuyerMaker":true},{"id":"3458897695","price":84598.22,"qty":0.00503,"timestamp":1740828931830,"isBuyerMaker":true},{"id":"3458897696","price":84597.1,"qty":0.001,"timestamp":1740828931830,"isBuyerMaker":true},{"id":"3458897697","price":84596.28,"qty":0.00445,"timestamp":1740828931830,"isBuyerMaker":true},{"id":"3458897698","price":84596,"qty":0.0004,"timestamp":1740828931830,"isBuyerMaker":true},{"id":"3458897699","price":84595.82,"qty":0.00006,"timestamp":1740828931830,"isBuyerMaker":true},{"id":"3458897700","price":84594.93,"qty":0.02364,"timestamp":1740828931830,"isBuyerMaker":true},{"id":"3458897701","price":84594.7,"qty":0.00013,"timestamp":1740828931830,"isBuyerMaker":true},{"id":"3458897702","price":84594.33,"qty":0.00007,"timestamp":1740828931830,"isBuyerMaker":true},{"id":"3458897703","price":84593.71,"qty":0.00006,"timestamp":1740828931830,"isBuyerMaker":true},{"id":"3458897704","price":84592,"qty":0.0001,"timestamp":1740828931830,"isBuyerMaker":true},{"id":"3458897705","price":84591.9,"qty":0.00021,"timestamp":1740828931830,"isBuyerMaker":true},{"id":"3458897706","price":84590.95,"qty":0.00007,"timestamp":1740828931831,"isBuyerMaker":true},{"id":"3458897707","price":84590.67,"qty":0.00029,"timestamp":1740828931831,"isBuyerMaker":true},{"id":"3458897708","price":84589.73,"qty":0.00006,"timestamp":1740828931831,"isBuyerMaker":true},{"id":"3458897709","price":84589.56,"qty":0.00017,"timestamp":1740828931831,"isBuyerMaker":true},{"id":"3458897710","price":84588.24,"qty":0.00609,"timestamp":1740828931831,"isBuyerMaker":true},{"id":"3458897711","price":84588,"qty":0.0001,"timestamp":1740828931831,"isBuyerMaker":true},{"id":"3458897712","price":84587.35,"qty":0.02671,"timestamp":1740828931831,"isBuyerMaker":true},{"id":"3458897713","price":84587,"qty":0.001,"timestamp":1740828931831,"isBuyerMaker":true},{"id":"3458897714","price":84586.6,"qty":0.03587,"timestamp":1740828931831,"isBuyerMaker":true},{"id":"3458897715","price":84585.93,"qty":0.00085,"timestamp":1740828931831,"isBuyerMaker":true},{"id":"3458897716","price":84585.76,"qty":0.00006,"timestamp":1740828931831,"isBuyerMaker":true},{"id":"3458897717","price":84584,"qty":0.0001,"timestamp":1740828931831,"isBuyerMaker":true},{"id":"3458897718","price":84583.08,"qty":0.00359,"timestamp":1740828931831,"isBuyerMaker":true},{"id":"3458897719","price":84582.24,"qty":0.00609,"timestamp":1740828931831,"isBuyerMaker":true},{"id":"3458897720","price":84582.17,"qty":0.04752,"timestamp":1740828931831,"isBuyerMaker":true},{"id":"3458897721","price":84581.78,"qty":0.00006,"timestamp":1740828931831,"isBuyerMaker":true},{"id":"3458897722","price":84580,"qty":0.04383,"timestamp":1740828931831,"isBuyerMaker":true},{"id":"3458897723","price":84579.16,"qty":0.00086,"timestamp":1740828931831,"isBuyerMaker":true},{"id":"3458897724","price":84579.15,"qty":0.00084,"timestamp":1740828931831,"isBuyerMaker":true},{"id":"3458897725","price":84579.12,"qty":0.00135,"timestamp":1740828931831,"isBuyerMaker":true},{"id":"3458897726","price":84578.92,"qty":0.01007,"timestamp":1740828931831,"isBuyerMaker":true},{"id":"3458897727","price":84578.85,"qty":0.00013,"timestamp":1740828931831,"isBuyerMaker":true},{"id":"3458897728","price":84578.42,"qty":0.00059,"timestamp":1740828931831,"isBuyerMaker":true},{"id":"3458897729","price":84578.38,"qty":0.00609,"timestamp":1740828931831,"isBuyerMaker":true},{"id":"3458897730","price":84578.27,"qty":0.00106,"timestamp":1740828931831,"isBuyerMaker":true},{"id":"3458897731","price":84578.25,"qty":0.00274,"timestamp":1740828931831,"isBuyerMaker":true},{"id":"3458897732","price":84577.81,"qty":0.00006,"timestamp":1740828931832,"isBuyerMaker":true},{"id":"3458897733","price":84576,"qty":0.0001,"timestamp":1740828931832,"isBuyerMaker":true},{"id":"3458897734","price":84575.68,"qty":0.01011,"timestamp":1740828931832,"isBuyerMaker":true},{"id":"3458897735","price":84575,"qty":0.00278,"timestamp":1740828931832,"isBuyerMaker":true},{"id":"3458897736","price":84574.62,"qty":0.003,"timestamp":1740828931832,"isBuyerMaker":true},{"id":"3458897737","price":84574.15,"qty":0.00609,"timestamp":1740828931832,"isBuyerMaker":true},{"id":"3458897738","price":84573.83,"qty":0.00006,"timestamp":1740828931832,"isBuyerMaker":true},{"id":"3458897739","price":84572,"qty":0.0001,"timestamp":1740828931832,"isBuyerMaker":true},{"id":"3458897740","price":84571.99,"qty":0.03939,"timestamp":1740828931832,"isBuyerMaker":true},{"id":"3458897741","price":84570.96,"qty":0.00006,"timestamp":1740828931832,"isBuyerMaker":true},{"id":"3458897742","price":84570.94,"qty":0.00084,"timestamp":1740828931832,"isBuyerMaker":true},{"id":"3458897743","price":84569.98,"qty":0.00609,"timestamp":1740828931832,"isBuyerMaker":true},{"id":"3458897744","price":84569.86,"qty":0.00006,"timestamp":1740828931832,"isBuyerMaker":true},{"id":"3458897745","price":84568.94,"qty":0.15257,"timestamp":1740828931832,"isBuyerMaker":true},{"id":"3458897746","price":84568.94,"qty":0.01,"timestamp":1740828931834,"isBuyerMaker":true},{"id":"3458897747","price":84568.94,"qty":0.01539,"timestamp":1740828931835,"isBuyerMaker":true},{"id":"3458897748","price":84583.07,"qty":0.00021,"timestamp":1740828931841,"isBuyerMaker":true},{"id":"3458897749","price":84568.94,"qty":0.02,"timestamp":1740828931841,"isBuyerMaker":true},{"id":"3458897750","price":84578.33,"qty":0.00021,"timestamp":1740828931854,"isBuyerMaker":true},{"id":"3458897751","price":84577.81,"qty":0.00012,"timestamp":1740828931855,"isBuyerMaker":true},{"id":"3458897752","price":84577.71,"qty":0.00012,"timestamp":1740828931855,"isBuyerMaker":true},{"id":"3458897753","price":84577.11,"qty":0.00012,"timestamp":1740828931856,"isBuyerMaker":true},{"id":"3458897754","price":84576.47,"qty":0.00012,"timestamp":1740828931856,"isBuyerMaker":true},{"id":"3458897755","price":84575.98,"qty":0.00012,"timestamp":1740828931856,"isBuyerMaker":true},{"id":"3458897756","price":84575.2,"qty":0.00012,"timestamp":1740828931857,"isBuyerMaker":true},{"id":"3458897757","price":84574.98,"qty":0.00059,"timestamp":1740828931857,"isBuyerMaker":true},{"id":"3458897758","price":84574.39,"qty":0.00012,"timestamp":1740828931857,"isBuyerMaker":true},{"id":"3458897759","price":84574.21,"qty":0.00012,"timestamp":1740828931857,"isBuyerMaker":true},{"id":"3458897760","price":84571.92,"qty":0.00007,"timestamp":1740828931857,"isBuyerMaker":true},{"id":"3458897761","price":84568.94,"qty":0.04206,"timestamp":1740828931857,"isBuyerMaker":true},{"id":"3458897762","price":84568.94,"qty":0.00007,"timestamp":1740828931860,"isBuyerMaker":true},{"id":"3458897763","price":84568.94,"qty":0.06925,"timestamp":1740828931861,"isBuyerMaker":true},{"id":"3458897764","price":84568.94,"qty":0.04565,"timestamp":1740828931863,"isBuyerMaker":true},{"id":"3458897765","price":84568.8,"qty":0.02425,"timestamp":1740828931863,"isBuyerMaker":true},{"id":"3458897766","price":84568.63,"qty":0.00012,"timestamp":1740828931863,"isBuyerMaker":true},{"id":"3458897767","price":84568.01,"qty":0.01295,"timestamp":1740828931863,"isBuyerMaker":true},{"id":"3458897768","price":84568,"qty":0.01009,"timestamp":1740828931863,"isBuyerMaker":true},{"id":"3458897769","price":84567.22,"qty":0.00012,"timestamp":1740828931863,"isBuyerMaker":true},{"id":"3458897770","price":84566.83,"qty":0.03559,"timestamp":1740828931863,"isBuyerMaker":true},{"id":"3458897771","price":84566.78,"qty":0.00609,"timestamp":1740828931863,"isBuyerMaker":true},{"id":"3458897772","price":84566.52,"qty":0.00059,"timestamp":1740828931863,"isBuyerMaker":true},{"id":"3458897773","price":84566.16,"qty":0.00013,"timestamp":1740828931863,"isBuyerMaker":true},{"id":"3458897774","price":84566.15,"qty":0.00012,"timestamp":1740828931863,"isBuyerMaker":true},{"id":"3458897775","price":84565.88,"qty":0.00006,"timestamp":1740828931863,"isBuyerMaker":true},{"id":"3458897776","price":84565.64,"qty":0.01053,"timestamp":1740828931863,"isBuyerMaker":true},{"id":"3458897777","price":84565,"qty":0.0015,"timestamp":1740828931863,"isBuyerMaker":true},{"id":"3458897778","price":84564,"qty":0.0001,"timestamp":1740828931863,"isBuyerMaker":true},{"id":"3458897779","price":84562.47,"qty":0.00015,"timestamp":1740828931863,"isBuyerMaker":true},{"id":"3458897780","price":84562,"qty":0.02365,"timestamp":1740828931863,"isBuyerMaker":true},{"id":"3458897781","price":84561.91,"qty":0.00006,"timestamp":1740828931863,"isBuyerMaker":true},{"id":"3458897782","price":84561.52,"qty":0.00609,"timestamp":1740828931863,"isBuyerMaker":true},{"id":"3458897783","price":84561.45,"qty":0.00331,"timestamp":1740828931863,"isBuyerMaker":true},{"id":"3458897784","price":84560,"qty":0.00016,"timestamp":1740828931863,"isBuyerMaker":true},{"id":"3458897785","price":84558.18,"qty":0.00609,"timestamp":1740828931863,"isBuyerMaker":true},{"id":"3458897786","price":84558.13,"qty":0.00534,"timestamp":1740828931863,"isBuyerMaker":true},{"id":"3458897787","price":84557.95,"qty":0.0072,"timestamp":1740828931863,"isBuyerMaker":true},{"id":"3458897788","price":84557.93,"qty":0.00006,"timestamp":1740828931863,"isBuyerMaker":true},{"id":"3458897789","price":84556.9,"qty":0.0005,"timestamp":1740828931863,"isBuyerMaker":true},{"id":"3458897790","price":84556,"qty":0.0001,"timestamp":1740828931863,"isBuyerMaker":true},{"id":"3458897791","price":84554.99,"qty":0.53191,"timestamp":1740828931863,"isBuyerMaker":true},{"id":"3458897792","price":84554.58,"qty":0.00023,"timestamp":1740828931865,"isBuyerMaker":true},{"id":"3458897793","price":84553.96,"qty":0.00006,"timestamp":1740828931865,"isBuyerMaker":true},{"id":"3458897794","price":84553.84,"qty":0.00008,"timestamp":1740828931865,"isBuyerMaker":true},{"id":"3458897795","price":84553.47,"qty":0.00013,"timestamp":1740828931865,"isBuyerMaker":true},{"id":"3458897796","price":84553.43,"qty":0.00012,"timestamp":1740828931865,"isBuyerMaker":true},{"id":"3458897797","price":84553.42,"qty":0.00609,"timestamp":1740828931865,"isBuyerMaker":true},{"id":"3458897798","price":84552,"qty":0.0001,"timestamp":1740828931865,"isBuyerMaker":true},{"id":"3458897799","price":84551.7,"qty":0.00118,"timestamp":1740828931865,"isBuyerMaker":true},{"id":"3458897800","price":84550,"qty":0.01183,"timestamp":1740828931865,"isBuyerMaker":true},{"id":"3458897801","price":84549.99,"qty":0.00006,"timestamp":1740828931865,"isBuyerMaker":true},{"id":"3458897802","price":84549.91,"qty":0.00007,"timestamp":1740828931865,"isBuyerMaker":true},{"id":"3458897803","price":84549.44,"qty":0.00012,"timestamp":1740828931865,"isBuyerMaker":true},{"id":"3458897804","price":84548.7,"qty":0.00609,"timestamp":1740828931865,"isBuyerMaker":true},{"id":"3458897805","price":84548.01,"qty":0.05384,"timestamp":1740828931865,"isBuyerMaker":true},{"id":"3458897806","price":84548.01,"qty":0.32,"timestamp":1740828931865,"isBuyerMaker":true}]}